2858 5040
662 574 701 632 41

197 733 366 796 verbieden.
409 731 509 792 Reeds
531 732 567 791 de
589 732 762 793 beteekeuis
780 734 833 794 der
848 734 986 794 woorden
1003 733 1174 795 verlindert

196 838 260 898 die:
282 837 369 914 eulpa
391 838 416 895 is
438 835 551 915 sohuld,
573 855 656 897 maer
670 839 874 898 isdanalleen
888 838 939 918 hij,
957 838 1171 900 diedooreene

195 942 274 1002 (laad
290 945 350 1021 aijn
371 939 633 1002 medeoontrahent
654 941 763 1002 sohade
782 941 944 1021 toebrengt‚
967 941 1112 1020 sohuldig‚
1133 961 1171 1003 en

195 1045 256 1105 kan
283 1062 352 1104 men
378 1044 442 1104 niet
473 1062 618 1105 evenzeer
635 1063 757 1124 aeggen,
779 1046 832 1106 dat
852 1046 892 1123 hij
913 1045 1048 1120 sohuldig
1065 1047 1101 1125 is,
1122 1047 1172 1106 die

196 1151 247 1211 stil
277 1151 328 1229 ait,
358 1167 440 1208 waar
470 1149 508 1210 de
529 1149 601 1208 aard
622 1167 682 1208 van
698 1150 750 1210 het
771 1155 903 1211 eontraet
923 1149 992 1210 hem
1012 1151 1172 1228 verpligtte

195 1259 239 1315 tot
267 1252 438 1313 handelen?
471 1250 631 1327 Dtltoeotio
663 1250 709 1331 (of
726 1253 819 1313 liever
838 1252 890 1313 het
907 1253 1102 1328 omgekeerde
1123 1271 1172 1314 oo-

196 1354 349 1435 ottoeotio)
380 1355 471 1414 drukt
488 1373 560 1416 eene
579 1355 729 1416 strafbare
747 1356 932 1430 uelatigheid
949 1375 1020 1416 aau:
1041 1375 1125 1416 maor
1145 1359 1172 1417 is

193 1462 248 1524 het
272 1463 311 1539 bij
341 1459 418 1540 hem,
446 1458 495 1519 die
521 1459 592 1519 door
622 1477 695 1520 eene
713 1461 868 1534 overigens
886 1460 1072 1536 geoorloofde
1093 1459 1172 1520 (laad

197 1565 305 1627 sehade
322 1565 487 1642 toebrengt‚
508 1562 566 1622 ool<
586 1563 649 1622 niet
663 1581 808 1623 evenzeer
829 1565 926 1624 alleen
946 1569 1023 1642 nijne
1044 1564 1171 1639 nalatig·

196 1668 274 1748 heid,
295 1668 343 1728 die
365 1667 434 1727 hem
454 1665 592 1740 sohuldig
608 1666 720 1744 maakt‚
741 1667 787 1726 als
805 1666 849 1726 dit
866 1667 905 1744 bij
925 1666 994 1726 hem
1014 1666 1066 1727 het
1083 1669 1172 1741 geval

196 1773 232 1852 is,
263 1771 311 1831 die
336 1771 407 1830 door
424 1771 502 1831 niets
519 1775 549 1830 to
570 1771 646 1830 doen
664 1770 701 1829 de
720 1769 829 1830 sohade
850 1770 1045 1830 vereoraaakt
1066 1769 1171 1832 heeft?

196 1877 278 1936 Deae
302 1874 440 1935 woorden
464 1872 563 1934 leiden
588 1892 620 1934 er
637 1874 693 1932 dus
711 1875 773 1934 niet
794 1878 851 1951 tue,
874 1874 961 1948 eenig
979 1873 1172 1936 oudersoheid

195 1978 336 2040 tussohen
368 1978 455 2056 eulpa
486 1977 517 2034 in
542 1976 677 2036 faciendo
695 1994 733 2036 en
751 1977 838 2054 eulpa
856 1977 887 2034 in
904 1995 963 2036 uon
984 1976 1040 2036 fao.
1059 1982 1090 2038 te
1111 1995 1172 2037 ma·

196 2083 269 2144 ken:
300 2100 379 2157 gean
401 2084 449 2158 wij
479 2079 568 2141 thano
595 2079 632 2138 de
661 2079 837 2157 uitspraken
862 2079 914 2139 der
930 2079 1103 2141 Pandeoteu
1123 2099 1172 2141 na.

196 2187 242 2248 De
263 2188 467 2246 voomaamste
489 2183 521 2242 in
538 2184 582 2244 dit
603 2184 704 2260 opaigt
724 2185 764 2242 is:

238 2285 739 2368 hfflmssmtstfflQ

238 2392 272 2452 Si
292 2410 410 2453 seruum
428 2392 588 2470 stipulatus
609 2391 700 2470 fuero,
721 2397 752 2452 et
772 2393 855 2452 nulla
872 2411 954 2453 mora
971 2393 1171 2456 intercedente

194 2517 298 2560 servus
318 2498 488 2576 decesserit
510 2497 657 2572 siquidem
685 2497 800 2558 ooeidat
829 2493 899 2558 eum'
920 2500 1088 2579 promissor,
1120 2518 1170 2560 ex·

197 2602 330 2681 peditum
358 2605 412 2680 est,
434 2601 598 2662 sinautem
618 2601 752 2676 negligat
769 2601 925 2681 infirmum,
946 2621 985 2661 an
1006 2605 1101 2663 teneri
1123 2602 1173 2664 de·

197 2705 268 2766 beat
294 2705 479 2784 promissor?
508 2703 762 2764 Considerandum
785 2709 832 2765 est
855 2704 879 2782 ¹,
899 2710 1007 2784 utrum,
1033 2705 1174 2781 quemad·

197 2809 315 2869 modum
343 2812 374 2869 in
405 2808 605 2869 vindicatione
636 2806 772 2888 hominis,
802 2809 828 2868 si
845 2809 999 2883 neglectus
1020 2826 1174 2886 aposses·

197 2915 377 2992 emoluerit,
398 2914 503 2994 eulpae
519 2912 610 2990 hujus
626 2914 744 2972 nomine
766 2917 884 2974 tenetur
897 2927 1058 2991 possessor,
1079 2912 1123 2972 ita
1144 2917 1175 2972 et

197 3035 265 3078 eum
284 3017 350 3076 dari
367 3016 511 3096 promisit,
532 3033 571 3074 an
589 3016 686 3094 eulpa,
707 3014 786 3091 quod
804 3014 843 3074 ad
860 3014 1083 3092 stipulationem
1103 3015 1172 3075 atti·

195 3124 256 3199 net,
287 3120 319 3179 in
349 3118 484 3180 faciendo
517 3119 692 3196 accipienda
716 3119 765 3198 sit,
797 3136 856 3178 non
886 3119 917 3178 in
937 3136 996 3178 non
1013 3116 1173 3179 faciendo?

197 3221 284 3296 Quod
311 3225 407 3300 magis
434 3223 618 3302 probandum
642 3227 696 3302 est,
718 3224 789 3298 quia
811 3223 862 3298 qui
884 3223 948 3282 dari
969 3224 1112 3302 promisit,
1133 3222 1173 3283 ad

197 3327 336 3409 dandum,
354 3347 414 3389 nou
431 3329 599 3389 laciendum
616 3332 741 3388 tenetur.

235 3433 396 3493 Vooreerst
412 3433 535 3493 behoort
556 3433 628 3491 dene
649 3433 748 3509 plaate
773 3435 817 3492 tot
837 3431 875 3491 de
894 3429 989 3491 slsioti
1000 3430 1079 3508 Juris
1100 3432 1173 3492 obli-

198 3537 342 3616 gationes,
364 3555 402 3596 en
422 3537 450 3596 is
477 3535 532 3595 dus
565 3553 603 3613 op
624 3553 698 3596 onae
718 3535 781 3594 leer
801 3537 863 3595 niet
880 3535 1080 3614 toepasselijk‚
1101 3535 1175 3595 daar

198 3641 244 3701 uit
263 3640 301 3700 de
323 3641 453 3718 stelling‚
475 3639 527 3699 dat
548 3637 621 3699 dene
642 3639 740 3697 alleeu
762 3637 849 3715 eulpa
869 3638 901 3695 in
922 3637 1175 3698 faciendoerken·

197 3761 265 3821 nen,
286 3761 346 3818 neg
372 3744 435 3802 niet
464 3741 585 3802 behoeft
604 3745 688 3800 voert
709 3746 739 3801 te
756 3741 892 3819 vloeijen,
914 3739 966 3799 dat
983 3740 1103 3799 daarom
1117 3740 1175 3800 ook

198 3845 236 3905 de
267 3846 362 3905 bonae
393 3843 463 3904 fidei
493 3844 688 3918 obligationes
713 3843 801 3917 eenig
818 3842 947 3902 verschil
968 3861 1027 3902 van
1044 3843 1173 3921 positive

197 3967 235 4009 on
259 3949 397 4024 negative
420 3949 507 4025 eulpa
539 3964 711 4006 aennemen.
754 3947 840 4006 Maur
859 3946 1066 4007 daerenboven
1091 3949 1117 4008 is
1138 3948 1176 4009 de

196 4053 284 4130 eulpa
301 4054 333 4112 in
357 4052 501 4129 faciendo,
533 4051 582 4110 die
613 4051 651 4128 bij
685 4050 722 4109 de
753 4050 848 4110 strioti
874 4051 953 4127 Juris
975 4051 1172 4127 obligationes

196 4156 359 4235 voorkomt‚
380 4155 443 4214 niet
464 4153 516 4214 dat
536 4157 596 4213 wat
617 4153 797 4212 Dounnnos
816 4169 854 4212 en
872 4157 949 4230 zijne
970 4154 1087 4230 volgers
1120 4174 1172 4215 on·

230 4391 239 4420 ²
261 4383 323 4435 Flos.
352 4382 551 4438 eomideroatitoa
563 4380 651 4430 zondor
668 4379 765 4430 versohil
779 4393 823 4428 van
842 4379 981 4430 heteelenis.
