2858 5040
710 605 749 661 46

282 770 317 827 In
348 766 451 845 primis
472 764 623 824 sciendum
645 769 699 842 ost,
721 765 752 823 in
773 763 828 822 hoo
840 761 954 837 judicio
977 761 1007 820 io
1029 760 1146 820 demum
1164 761 1214 821 de·

240 873 316 950 duci,
349 869 427 946 quod
448 867 593 946 praestari
611 867 764 926 convenit:
787 883 853 925 enm
871 866 949 924 onim
968 865 1009 924 sit
1029 864 1124 924 bonae
1145 864 1215 924 fidei

235 975 390 1053 judicium,
412 971 487 1032 nihil
504 971 599 1044 magis
609 970 704 1030 bonae
722 968 792 1029 fidei
810 969 952 1046 congruit,
974 985 1063 1042 quam
1080 967 1111 1028 id
1131 985 1216 1045 prae·

241 1077 403 1154 stariquod
424 1077 502 1135 inter
519 1073 726 1134 contrahentes
744 1077 843 1133 aetum
864 1079 923 1151 est3
947 1073 1052 1148 quodsi
1063 1072 1139 1131 nihil
1150 1091 1217 1134 oon·

239 1181 330 1259 venit,
360 1184 431 1240 tune
448 1197 484 1238 ea
501 1177 742 1256 praestabuntur,
764 1194 841 1252 quae
859 1175 1038 1236 naturaliter
1059 1176 1161 1237 insunt
1180 1175 1222 1236 hu

236 1286 289 1363 jus
302 1284 408 1361 judieii
429 1285 585 1361 potestate.

282 1388 350 1463 Vgl.
382 1387 401 1446 l.
436 1389 451 1444 1
478 1405 521 1462 pr.
546 1386 584 1443 D.
604 1385 642 1446 de
659 1385 762 1443 Paetis
785 1381 898 1461 (2.14);
921 1384 941 1442 l.
962 1387 978 1442 1
1003 1383 1022 1460 ξ
1043 1385 1060 1441 6
1082 1384 1120 1442 D.
1142 1384 1217 1461 Dep.

242 1490 352 1572 (16.3);
376 1491 396 1569 ἓ
415 1491 469 1549 51.
492 1489 563 1550 Loe.
584 1487 692 1568 (3.24).

282 1597 319 1654 L.
342 1598 380 1654 27
403 1594 423 1671 ξ
447 1592 706 1653 superactis
729 1589 824 1669 (2.14)
1248 1672 1252 1678 1

281 1698 361 1759 Illud
392 1697 474 1755 nulla
498 1695 635 1773 pactione
657 1693 732 1755 efflei
749 1695 856 1771 potest,
878 1710 916 1753 ne
937 1692 1021 1752 dolus
1042 1697 1219 1769 praestetur.

282 1803 351 1878 Vgl.
369 1802 389 1860 l.
411 1803 449 1859 17
470 1818 513 1876 pr.
535 1799 572 1856 D.
585 1798 695 1858 Oomm.
709 1794 820 1875 (13.6);
842 1796 925 1872 l.1§
940 1796 1005 1855 71).
1018 1795 1094 1873 Dep.
1108 1794 1215 1874 (16.3);

241 1908 262 1966 l.
292 1908 310 1966 6
339 1905 360 1983 ξ
391 1907 408 1963 9
433 1903 471 1961 D.
493 1901 530 1961 de
548 1900 584 1959 A.
602 1901 638 1960 E.
661 1901 698 1958 V.
721 1896 833 1977 (19.1);
855 1899 875 1957 l.
898 1899 916 1956 5
939 1899 958 1976 ξ
983 1898 1055 1958 lD.
1074 1899 1213 1958 dePaet.

244 2010 312 2070 Dot.
338 2003 444 2086 (23.4).

284 2112 391 2171 Alleen
419 2109 560 2169 derhalve
588 2111 633 2168 als
661 2109 698 2170 de
719 2112 846 2186 partijen
863 2112 990 2169 orntrent
1007 2108 1051 2169 dit
1072 2113 1147 2187 punt
1168 2125 1218 2184 ge·

243 2231 365 2289 awegen
396 2211 521 2287 hebben,
553 2211 635 2271 komt
663 2211 700 2270 de
733 2229 827 2286 vraag
847 2212 879 2270 in
897 2211 1099 2291 aanmerking‚
1121 2212 1219 2272 welke

243 2322 322 2378 mate
350 2335 409 2376 van
437 2313 682 2391 zorgvuldigheid
706 2314 743 2374 de
775 2313 929 2390 gedaagde
958 2315 989 2373 in
1010 2314 1055 2375 dit
1072 2317 1161 2390 geva}
1183 2333 1220 2376 ex

243 2419 301 2481 fide
322 2421 400 2480 bona
420 2419 481 2478 had
498 2422 615 2478 moeten
636 2416 827 2477 aanwenden.

284 2525 325 2584 ΙΙ.
346 2525 406 2584 Tot
424 2540 483 2597 nog
504 2527 551 2582 toe
569 2522 628 2581 heb
648 2521 681 2581 ik
702 2522 826 2582 moestal
848 2521 958 2582 aleohts
978 2522 1145 2600 gesproken
1160 2541 1220 2582 van

245 2627 364 2702 sohade,
386 2627 430 2686 uit
452 2643 524 2686 eene
545 2625 624 2684 daed
642 2643 702 2684 van
723 2625 781 2684 den
798 2625 1220 2705 gedaagdevoortvloeijende‚

246 2731 279 2792 of
295 2749 355 2790 van
376 2734 449 2808 ijver
466 2745 513 2788 om
534 2728 579 2789 dit
596 2729 703 2803 gevolg
722 2746 810 2788 eener
827 2729 906 2788 daed
922 2734 952 2789 te
963 2730 1117 2790 vooraienz
1139 2747 1222 2789 maar

245 2833 336 2897 endor
353 2833 398 2892 dit
418 2831 517 2892 woord
535 2830 614 2889 dood
632 2835 711 2890 moet
732 2832 844 2891 aoowel
864 2830 916 2890 het
932 2832 1060 2908 positive
1078 2832 1154 2892 doen
1175 2834 1221 2891 als

246 2939 299 2998 het
315 2937 436 2997 nalaten
457 2936 606 3011 begrepen
623 2934 751 2994 worden.
793 2933 893 3012 Gelijk
914 2934 1032 2994 bekend
1043 2936 1078 3014 is,
1101 2935 1221 2996 heohtte

246 3043 426 3100 Donnnnns
444 3056 500 3099 een
517 3038 594 3114 hoog
614 3039 726 3114 gewigt
746 3057 805 3098 aan
823 3038 860 3099 de
881 3039 1222 3116 onderseheidingdaar·

246 3161 319 3204 van:
345 3143 436 3204 thans
458 3143 590 3202 evenwel
610 3143 637 3203 is
654 3161 723 3203 men
740 3142 865 3203 hiervan
885 3143 1127 3225 teruggekomen‚
1148 3145 1223 3206 doeh

247 3263 307 3323 nog
338 3246 446 3307 maken
463 3247 550 3306 velen
569 3265 624 3306 een
645 3246 839 3308 onderseheid
856 3246 998 3306 tussehen
1014 3247 1109 3327 boine,
1132 3250 1159 3308 is
1175 3249 1227 3309 het

247 3350 307 3410 dan
328 3351 358 3409 al
374 3351 438 3410 niet
457 3367 537 3410 meer
557 3369 605 3410 om
616 3352 747 3410 daaraan
757 3349 924 3428 praotisohe
935 3352 1122 3426 gevolgente
1133 3352 1223 3412 knoo·

247 3473 315 3533 pen,
334 3455 395 3514 dan
412 3454 480 3514 tooh
501 3473 548 3514 om
569 3455 597 3514 b.
620 3474 648 3514 v.
677 3454 714 3514 de·
731 3451 928 3528 nitdrukking
949 3454 1035 3532 eulpa
1055 3463 1081 3513 et
1101 3455 1224 3532 antipen-

249 3557 291 3617 ta'a
317 3561 347 3618 te
374 3557 540 3637 verklaren,
572 3558 683 3620 aoodat
714 3557 820 3617 alsdan
839 3557 984 3634 copodo
1006 3559 1224 3634 zoogenaamde

249 3661 337 3738 eulpa
367 3661 399 3720 in
426 3660 572 3741 faeiendo,
600 3660 754 3737 dilipeotio
780 3661 817 3720 de
849 3662 937 3739 eulpa
963 3663 994 3721 in
1011 3681 1070 3723 non
1090 3661 1225 3722 faeiendo

250 3782 305 3824 aon
331 3764 521 3826 nitdmkken.
562 3766 644 3825 Deae
677 3765 911 3840 zamenvoeging
942 3766 1041 3824 zullen
1072 3769 1119 3841 wlj
1148 3764 1226 3824 later

249 3886 329 3928 meer
353 3869 566 3942 naauwkeurig
588 3872 706 3928 moeten
734 3867 938 3944 besehouwen,
970 3866 1035 3926 hier
1049 3871 1085 3944 zij
1104 3865 1156 3926 het
1174 3885 1224 3942 ge·

249 3989 335 4050 noeg,
356 3989 413 4031 san
434 3975 466 4031 te
485 3975 600 4049 toonen,
622 3971 675 4031 dat
696 3971 733 4032 de
754 3972 918 4032 Romeinen
942 3970 1225 4045 dezegeheolever·

249 4076 368 4149 deeling
396 4073 459 4134 niet
488 4074 615 4152 konnen,
644 4092 682 4134 en
710 4075 748 4134 de
774 4070 896 4154 'talrijke
917 4075 1024 4152 molen,
1046 4076 1159 4134 waarin
1175 4074 1228 4135 het

249 4175 453 4254 woordealpo
470 4195 528 4237 van
543 4178 631 4251 eenig
651 4178 782 4256 nalsten,
803 4176 958 4254 dilipeoto'o
976 4195 1036 4238 van
1053 4179 1140 4253 eenig
1155 4178 1228 4238 han-

251 4282 338 4342 delen
369 4279 507 4354 gebrnikt
535 4281 637 4360 wordt,
660 4280 671 4314 ²
697 4281 768 4341 zulk
800 4299 872 4342 eene
895 4282 1052 4359 opvatting
1073 4283 1230 4344 volkomen

288 4413 298 4440 ²
320 4406 369 4468 Vgt.
394 4407 422 4456 de
447 4406 519 4456 boren
541 4421 563 4469 p.
590 4405 623 4456 4³
649 4406 804 4470 aengehoatdo
821 4413 916 4466 weston,
934 4409 1048 4461 benerens
1067 4409 1095 4461 do
1109 4409 1191 4460 hierna
1209 4416 1231 4458 te

251 4496 376 4558 hespreken
393 4494 409 4545 l.
425 4497 438 4544 1
454 4510 491 4558 pr.
511 4495 540 4546 D.
559 4494 628 4552 2⁷.3;
648 4497 662 4545 1.
678 4496 709 4547 11
727 4499 754 4548 C.
774 4497 845 4548 4.35.
