2858 5040
14 4397 16 4460 i

718 565 756 622 26

244 721 286 800 fit,
308 723 361 782 sed
380 721 498 782 medum
517 740 583 783 esse
601 722 800 783 adhibendum
822 724 873 803 ait,
894 741 963 783 nam
984 724 1016 784 iu
1037 721 1166 786 infantes
1188 724 1219 784 id

246 842 304 885 nou
337 824 441 886 eadere
470 843 523 885 nos
547 831 699 904 putamus,
728 843 794 886 eum
811 826 962 904 impubere
983 826 1088 904 eulpae
1111 843 1221 905 eapaee
1273 897 1283 914 ι

243 927 367 1004 Aquilia
381 930 431 1004 agi
451 947 547 1008 posse.
844 1001 845 1004 Ἴ

284 1033 320 1092 ln
348 1032 434 1093 beide
467 1034 539 1094 dene
572 1038 681 1094 wetten
703 1029 782 1094 staat
800 1033 887 1111 eulpa
908 1032 1013 1108 geheel
1034 1051 1105 1094 voor
1125 1039 1219 1095 tuere-

244 1136 456 1215 keubaarheid,
488 1157 525 1198 en
555 1136 677 1197 worden
706 1141 753 1216 ztj,
783 1138 823 1216 bij
853 1137 908 1196 wie
934 1135 1220 1198 tuerekenbaarheid

245 1239 398 1300 denkbaar
429 1241 464 1318 is,
497 1242 541 1300 als
573 1241 708 1318 iujuriae,
734 1240 802 1319 deit,
833 1240 934 1317 eulpae
961 1257 1080 1317 capaces
1097 1257 1219 1316 voorge·

244 1342 331 1422 steld,
352 1343 461 1403 aeuder
479 1342 531 1402 dat
552 1342 692 1404 tussehen
713 1343 786 1404 deae
807 1341 1040 1417 uitdrukkingeu
1056 1344 1218 1418 eeuigver-

244 1447 320 1508 sebil
340 1446 466 1506 bestaat.

281 1550 318 1608 L.
339 1547 378 1608 52
401 1550 421 1627 ξ
445 1553 460 1608 1
483 1550 520 1610 D.
541 1549 580 1609 ad
600 1552 619 1609 l.
642 1549 678 1608 A.
700 1548 777 1629 (9.2)

286 1655 488 1714 'labemarius
510 1653 542 1713 in
564 1655 669 1717 semita
690 1657 779 1714 nuetu
808 1671 898 1732 supra
918 1651 1049 1732 lapidem
1069 1653 1219 1713 lucernam

244 1762 393 1836 posuerat,
414 1757 534 1833 quidam
551 1758 735 1836 praeteriens
757 1775 822 1817 eam
843 1757 1013 1834 sustulerat,
1034 1755 1220 1816 tabernarius

246 1876 313 1918 eum
331 1863 506 1920 consecutus
524 1861 674 1920 lucernam
690 1856 864 1937 reposcebat
885 1864 915 1919 et
932 1858 1095 1934 fugientem
1110 1857 1218 1918 retine-

246 1961 312 2022 bat:
345 1963 395 2022 ille
426 1963 555 2040 flagella,
587 1963 666 2038 qued
687 1963 719 2022 in
736 1979 825 2022 manu
846 1961 985 2041 habebat,
1006 1962 1038 2021 in
1056 1978 1114 2038 quo
1131 1960 1219 2021 dolen

248 2065 353 2143 iuerat,
385 2065 540 2124 verberare
569 2065 768 2125 tabernarium
800 2070 946 2144 coeperat,
973 2070 1007 2125 ut
1025 2082 1057 2126 se
1078 2065 1217 2126 mitteret.

208 2177 235 2246 affl
247 2168 296 2228 Ex
310 2185 345 2229 eo
363 2170 475 2245 majore
492 2169 558 2227 rixa
576 2167 656 2228 faeta
672 2168 858 2229 tabernarius
877 2170 914 2248 ei,
933 2168 984 2244 qni
994 2169 1144 2227 lueernam
1155 2182 1218 2226 sus·

245 2272 364 2350 tulerat,
383 2273 499 2332 oculum
521 2271 672 2332 effoderat.
713 2270 902 2350 Oeusulebat,
922 2288 993 2330 num
1016 2270 1156 2330 damnum
1173 2269 1217 2328 iu·

241 2373 323 2452 juria
343 2391 403 2436 non
420 2374 539 2435 videtur
564 2374 691 2453 dedisse,
713 2374 851 2450 quoniam
872 2373 952 2452 prior
968 2372 1087 2448 flagello
1100 2388 1220 2450 pereus-

248 2493 300 2536 sus
328 2478 430 2538 esset?
460 2477 621 2556 Respondi,
651 2476 710 2537 uisi
730 2477 802 2538 data
819 2493 910 2555 opera
927 2477 1076 2538 effudisset
1094 2477 1221 2554 oeulum,

247 2599 307 2640 nen
337 2581 432 2641 videri
463 2581 564 2641 damni
596 2581 705 2658 injuria
732 2580 846 2660 fecisse,
874 2582 992 2659 eulpam
1023 2580 1101 2640 enim
1128 2598 1220 2658 penes

250 2705 327 2766 eum,
348 2687 400 2762 qui
420 2688 500 2766 prior
517 2687 636 2762 flagello
653 2687 808 2764 percussit,
829 2686 968 2747 residere.
1010 2683 1070 2746 Sed
1089 2684 1114 2745 si
1136 2685 1174 2743 ab
1185 2702 1221 2744 ee

248 2809 308 2850 uon
324 2791 405 2868 prior
424 2792 606 2870 vapulasset,
624 2790 677 2850 sed
699 2809 765 2852 eum
779 2790 808 2850 ei
829 2791 978 2850 lucernam
996 2790 1110 2867 eripere
1120 2789 1220 2866 vellet,

246 2895 362 2956 rixatus
380 2899 467 2973 esset,
489 2895 651 2956 tabernarii
672 2896 759 2972 eulpa
776 2894 886 2954 fautum
907 2893 1011 2954 videri.

288 2998 334 3058 De
363 3015 456 3072 vraag
477 2998 503 3057 is
520 2998 594 3078 bier,
615 2999 708 3058 wiens
725 2997 830 3058 sehuld
848 2998 885 3058 de
903 2997 1027 3073 geheele
1043 2995 1218 3074 veebtpartij

251 3119 289 3163 en
320 3101 459 3162 mitsdien
487 3101 539 3162 het
569 3103 681 3182 daarbij
716 3104 925 3177 veorgevallen
954 3101 1084 3177 ougeluk
1110 3102 1150 3180 is;
1171 3099 1224 3162 het

250 3205 401 3266 antwuord
420 3207 462 3265 is:
483 3224 543 3265 van
563 3206 640 3286 hem,
662 3206 710 3266 die
728 3207 883 3282 begennen
904 3207 939 3284 is,
958 3224 995 3266 eu
1015 3205 1072 3266 dus
1082 3210 1160 3284 uijne
1176 3209 1219 3266 te-

245 3314 391 3387 genpartij
410 3309 491 3370 heeft
508 3311 736 3390 gepruveeeerd3
759 3328 818 3370 van
836 3327 908 3370 eene
930 3310 1036 3371 nekere
1046 3312 1126 3370 mate
1136 3325 1219 3383 aerg-

115 3409 119 3416 ‘
247 3413 421 3489 vuldigheid
439 3432 486 3474 om
503 3413 556 3475 het
576 3416 703 3490 ongeval
723 3419 754 3475 te
774 3414 952 3474 veorkomen
972 3413 999 3472 is
1016 3430 1092 3488 gaen
1102 3411 1219 3491 sprake.

289 3517 738 3598 bfflnmldffih

291 3618 325 3679 si
346 3625 441 3680 eertos
458 3638 592 3682 nummos
613 3623 773 3700 stipulatus
794 3621 859 3700 sim,
880 3626 911 3682 et
931 3619 964 3681 hi
981 3619 1045 3680 sine
1057 3621 1219 3698 eulpapro·

247 3723 379 3784 misseris
399 3725 550 3804 perierint,
569 3725 646 3786 nihil
657 3769 664 3785 .
677 3769 704 3785 ..
726 3725 859 3786 debetur.

288 3829 324 3888 L.
347 3832 406 3890 137
427 3830 447 3908 ξ
469 3831 518 3889 2.3
539 3828 610 3890 ibid.

286 3931 437 3994 (lumba
464 3935 624 4012 stipulatus
655 3951 736 3992 sum:
767 3931 897 4010 ,Ephesi
918 3931 1026 3993 dari?'’
1048 3932 1127 3992 inest
1147 3935 1219 3992 tem·

247 4054 318 4116 pus:
339 4037 418 4114 quud
439 4043 538 4099 autem
559 4037 654 4116 aeeipi
675 4038 791 4117 debeat,
812 4035 986 4113 quaeritur}>
1007 4037 1048 4097 Et
1057 4035 1154 4111 magis
1175 4037 1222 4094 est
1318 4076 1324 4084 .

248 4147 283 4204 ut
309 4145 402 4212 tutam
426 4160 492 4202 eam
512 4159 574 4202 rem
605 4140 644 4200 ad
670 4141 803 4217 Judieem
823 4141 843 4199 i.
873 4157 899 4200 e.
931 4139 970 4199 ad
990 4139 1086 4198 virum
1113 4138 1221 4199 bonum

249 4246 443 4326 remittamus,
463 4246 514 4321 qui
536 4245 681 4324 aestimet,
703 4249 812 4321 quante
834 4249 965 4323 tempure
980 4245 1107 4320 diligens
1124 4247 1222 4322 pater·

252 4349 381 4410 familias
399 4349 542 4410 confluere
559 4351 653 4428 possit
674 4350 752 4426 quod
768 4349 913 4410 fauturum
925 4369 956 4412 se
967 4349 1142 4429 promiserit,
1155 4393 1162 4408 .
1175 4392 1182 4407 .
1195 4391 1202 4407 .
1216 4391 1223 4408 .
