2858 5040
686 573 724 630 25

255 734 301 794 De
328 731 595 810 groudbeteekenis
626 749 685 791 vsu
710 731 796 810 σπῖρα
821 733 853 792 in
880 732 919 793 de
942 747 1064 807 gerrone
1080 729 1143 792 isal
1164 730 1191 790 is

155 912 166 929 .
215 837 289 898 dus:
310 836 348 897 de
362 834 647 898 ioerekenbsarheid
667 853 726 894 vsu
748 836 832 915 elles,
850 840 911 896 wat
928 839 988 896 met
1009 833 1189 908 eenigvoor·

216 939 328 1019 schrift,
350 939 476 1016 eenigeu
496 941 579 1015 regei
600 940 631 1000 in
652 939 737 1018 sirijd
754 939 790 1000 is.
812 941 927 1000 Passen
944 944 991 1018 wlj
1010 939 1100 999 ihsns
1116 938 1190 997 deze

216 1043 388 1106 beteekeuis
406 1061 444 1122 op
465 1042 517 1103 heb
533 1047 599 1118 regi
616 1047 674 1122 tos,
696 1043 756 1102 den
772 1043 891 1120 spreekt
912 1043 1034 1104 beiram
1051 1041 1118 1120 zeii,
1139 1040 1192 1101 (ist

169 1197 173 1201 .
215 1145 260 1208 dit
277 1163 354 1222 guen
365 1145 495 1206 anderen
505 1147 589 1221 regei
606 1145 756 1206 erkennen
767 1145 836 1224 ksn,
858 1146 917 1205 dan
929 1146 978 1206 die
990 1145 1034 1206 uit
1054 1143 1191 1206 hetzelve

215 1250 242 1310 is
273 1250 443 1328 uitgegaan,
477 1267 513 1309 en
541 1249 597 1310 dus
629 1251 727 1310 alleeu
745 1249 874 1325 (latgeno
889 1251 920 1308 iu
936 1248 1122 1326 juridisehsu
1143 1247 1192 1306 riu

216 1356 320 1427 omegt
337 1353 373 1430 is,
394 1355 455 1412 wat
473 1355 562 1426 regen
581 1367 674 1412 senen
695 1353 860 1427 regtsregel
881 1351 987 1430 sirijdt.
1008 1352 1078 1411 Men
1099 1350 1126 1410 is
1136 1349 1193 1410 dus

218 1455 250 1514 in
265 1472 393 1530 engeren
405 1453 501 1534 (mear
522 1454 553 1512 in
570 1453 627 1513 den
637 1455 774 1533 wijdsteu
785 1452 983 1534 juridisehen)
996 1455 1044 1514 uin
1054 1453 1086 1524 in
1097 1453 1194 1532 eulpa,

219 1574 272 1618 παα
297 1555 426 1635 dikwijls
458 1574 531 1618 eene
563 1557 727 1634 heudeling
758 1559 790 1617 in
819 1558 903 1638 strijd
935 1559 961 1617 is
987 1561 1047 1618 met
1069 1558 1193 1632 eeuigen

218 1660 391 1734 regtsregel.
412 1660 479 1719 Van
500 1659 574 1720 (isar
594 1661 647 1722 dat
671 1661 758 1739 eulpa
775 1662 807 1722 in
827 1662 901 1722 dese
918 1661 1090 1722 beteeksnis
1112 1678 1194 1721 over-

218 1762 356 1824 eenkomt
386 1767 447 1824 met
476 1762 596 1842 injuris,
623 1770 735 1844 onregt,
767 1765 883 1826 hoewel
909 1764 993 1844 altrjd
1011 1764 1097 1842 eulpa
1114 1781 1195 1824 mser

218 1867 255 1928 de
281 1866 454 1945 subjective,
484 1867 596 1943 injuria
626 1867 664 1928 de
693 1869 838 1946 objective
871 1869 947 1948 zijde
968 1888 1027 1929 van
1045 1868 1194 1929 hetzelfds

219 1971 323 2048 begrip
340 1969 483 2050 uitdrukt,
505 1971 700 2032 sumendus
724 1973 756 2032 in
784 1973 904 2034 uuivers
921 1972 984 2033 baal
1002 1972 1039 2032 de
1059 1971 1193 2033 uitdmk·

219 2073 345 2149 kiugeu:
364 2072 504 2149 iujuriam
522 2074 703 2145 committere,
721 2075 851 2152 inculpa
868 2095 936 2154 esse,
957 2075 1198 2137 uasstelksnder

221 2178 385 2255 gebruikeu
417 2179 474 2238 παῖ.
514 2178 599 2238 Eveu
620 2181 666 2239 als
687 2178 789 2240 erhier
807 2180 903 2240 boren
921 2180 1067 2256 gebleken
1088 2180 1123 2260 is,
1145 2179 1216 2260 dst¹

221 2282 260 2360 bij
280 2283 343 2343 nist
358 2280 524 2360 juridisehe
543 2281 701 2361 sehrijvers
717 2283 803 2362 σπῖρα
825 2284 881 2344 ook
902 2284 940 2344 de
961 2283 1196 2361 meerobjeoiive

223 2383 396 2446 beteskeuis
421 2389 587 2464 asnneemi,
620 2403 764 2447 eveuueer
794 2388 957 2463 gebmiken
986 2387 1043 2447 ook
1074 2388 1111 2448 de
1138 2389 1196 2447 Ro-

222 2489 372 2550 meinsehe
403 2489 644 2565 regtsgeleerden
672 2490 759 2568 σπῖρα
790 2509 862 2552 voor
889 2491 941 2554 het
968 2495 1072 2566 omegt
1104 2491 1198 2570 uelve,

225 2610 262 2653 su
282 2592 337 2654 dus
358 2612 418 2654 vsu
435 2593 545 2672 gelijke
562 2594 736 2656 beteekenis
756 2602 817 2657 mei
834 2596 945 2673 injurie
967 2596 990 2656 ¹.

263 2697 378 2759 Eukele
408 2698 546 2777 plestseu
575 2700 674 2758 uullen
695 2704 740 2762 tob
756 2702 875 2776 siaving
896 2719 956 2760 vsu
976 2700 1020 2761 dit
1042 2701 1196 2778 overigens

224 2801 287 2863 uiet
300 2802 505 2882 twijielsehtig
521 2803 665 2879 gevosleu
682 2803 846 2864 voldoende
865 2806 932 2882 uijn.
1015 2877 1021 2887 ἡ

264 2907 300 2967 1..
322 2907 341 2966 5
364 2907 383 2985 5
407 2910 425 2966 2
447 2907 484 2968 D.
506 2907 586 2968 mil.
608 2906 665 2984 sq.
688 2907 764 2988 (ss)

265 3010 305 3074 lit
322 3011 390 3072 ideo
408 3012 586 3091 quaerimus,
607 3013 634 3072 si
654 3011 783 3074 furiosus
803 3013 942 3074 damnum
963 3014 1086 3093 dederit,
1108 3016 1198 3076 sule·

225 3115 273 3192 gis
286 3114 427 3193 Aquiliae
447 3118 525 3179 aetio
543 3118 605 3179 sit?
629 3117 669 3180 ut
685 3119 839 3178 Prorsus
864 3118 1000 3193 negavit:
1021 3135 1097 3194 quse
1119 3116 1199 3178 enim

226 3221 259 3282 iu
280 3240 315 3283 eo
333 3223 422 3302 culpa
443 3229 497 3304 est,
519 3243 610 3302 quum
627 3241 699 3286 suae
720 3222 828 3283 mentis
849 3239 908 3282 uon
929 3221 991 3282 sit?
1013 3222 1054 3281 ut
1073 3220 1130 3281 hoe
1150 3238 1200 3280 vs·

226 3325 389 3387 tissimum:
422 3329 551 3390 cessabit
576 3329 667 3405 igitur
687 3326 827 3402 Aquiliae
848 3325 934 3405 sebio,
955 3324 1201 3402 quemadmodum

226 3429 253 3490 si
274 3411 480 3508 qusdrupedes
509 3432 648 3492 damnum
665 3429 788 3490 dederit.
830 3427 890 3489 Sed
911 3432 941 3488 et
958 3428 984 3488 si
1001 3427 1099 3489 infans
1119 3427 1201 3488 (ism-

227 3550 299 3593 num
329 3533 452 3614 dederit,
484 3536 563 3597 idem
595 3537 651 3596 erit
672 3533 837 3595 dicendum.
879 3529 993 3604 Quodsi
1014 3532 1149 3610 impubes
1170 3531 1201 3591 id

227 3635 339 3714 feeerit,
361 3635 473 3698 Luuuo
503 3639 554 3718 sit,
583 3639 654 3715 quia
685 3637 756 3698 furii
777 3640 921 3715 teneatur,
942 3636 1037 3696 teneri
1059 3641 1089 3695 ei
1109 3635 1202 3711 Aqui-

228 3740 270 3800 lis
292 3758 372 3800 eum:
395 3740 502 3802 ethos
522 3746 594 3819 puio
614 3760 726 3820 verum,
747 3741 774 3800 si
790 3741 855 3818 Jam
868 3739 994 3817 injuriae
1016 3756 1120 3818 capax.

269 3842 306 3903 1..
329 3844 368 3902 23
392 3842 429 3901 D.
452 3843 488 3904 de
511 3845 612 3906 Fertis
634 3841 730 3923 (47.2)

269 3943 456 4023 Impubsrem
487 3946 598 4009 furtum
626 3946 722 4009 faeere
746 3967 843 4029 posse,
875 3949 902 4010 si
929 3949 993 4026 jam
1026 3948 1087 4009 doli
1108 3965 1204 4028 capax

229 4050 466 4126 sii‚Juu1urus
489 4053 509 4110 l.
531 4051 622 4112 XXII
642 4051 711 4126 Dig.
733 4051 845 4112 scribit.
867 4053 943 4113 Ibem
961 4070 1048 4131 posse
1070 4071 1136 4114 eum
1153 4054 1206 4114 im-

231 4152 340 4232 pubere
372 4152 473 4214 dsmni
502 4153 610 4234 injuria
639 4155 698 4233 agi,
727 4155 800 4231 quis
817 4158 847 4214 eb
868 4154 977 4218 furium
999 4156 1037 4218 sb
1054 4157 1205 4237 impubere

240 4289 387 4302 buu——

269 4369 278 4398 ¹
300 4364 382 4422 lissei,
398 4363 416 4428 S
435 4362 516 4420 10.11;
551 4363 675 4414 Usrursu.
693 4378 715 4412 a.
733 4377 762 4411 w.
779 4361 799 4412 1.
818 4361 835 4427 S
854 4361 909 4412 133.
