2854 5042
661 616 717 672 101

201 769 305 844 quaeri
333 786 430 849 posse,
462 775 559 833 utrum
587 773 790 849 unusquisque
813 789 913 834 eornm
930 774 961 831 in
982 771 1116 848 solidum,
1138 788 1177 830 an
1214 759 1215 762 '

200 877 359 950 properie
381 874 541 936 teneatur?
554 917 663 936 ......
686 875 739 936 aed
751 877 927 937 esaeverinn
945 876 997 954 ait,
1018 873 1178 952 otiolum,

201 979 232 1035 et
263 974 390 1054 eulpam,
421 980 452 1036 et
483 976 678 1055 diligentiam,
706 981 738 1037 et
769 976 932 1039 custodiam
965 977 996 1036 in
1017 981 1111 1037 totum
1130 992 1178 1036 me

200 1083 354 1156 praestare
374 1078 491 1141 debere.

243 1181 379 1243 Gaaewdia
416 1183 576 1245 beleekent
606 1184 672 1246 hier
702 1187 781 1247 niele
815 1205 896 1248 meer
926 1187 986 1247 dan
1014 1186 1180 1264 diligentia,

201 1285 338 1346 evenmin
370 1287 416 1348 ala
436 1285 489 1348 dat
509 1287 608 1348 woord
629 1289 688 1350 ieta
705 1307 790 1351 eneer
807 1289 944 1351 uitnrukt
963 1289 1024 1350 dan
1044 1288 1131 1351 reeds
1148 1289 1180 1348 in

202 1387 289 1467 eulpa
319 1390 434 1466 genegd
457 1408 530 1470 was,
550 1391 658 1453 aeodat
670 1395 718 1471 wij
740 1392 814 1454 dene
835 1396 894 1453 wel
914 1392 978 1454 niel
998 1409 1070 1453 eene
1090 1391 1122 1452 in
1142 1389 1181 1451 de

203 1491 304 1568 vorige
321 1493 484 1572 paragnaai
497 1495 630 1556 vermeld
647 1493 773 1556 hebben.
814 1496 860 1557 Da
877 1513 972 1572 vraag
989 1495 1015 1556 ia
1033 1494 1098 1556 hier
1117 1493 1181 1555 niet

202 1613 275 1656 naar
306 1596 344 1658 de
375 1597 667 1677 aaneprakelijkheid
698 1618 757 1660 van
785 1599 844 1660 den
875 1600 976 1660 leener
996 1597 1029 1659 ef
1041 1597 1180 1676 hender,

203 1715 287 1760 maan
317 1700 415 1761 alleen
444 1719 519 1761 naar
550 1701 588 1762 de
617 1701 795 1764 solidariteit
812 1700 953 1764 inseehen
971 1707 1048 1765 twee
1065 1702 1181 1762 leeners

196 1799 237 1862 ,οἰ
260 1801 412 1863 hunrdere.
452 1803 499 1864 En
529 1804 589 1864 dan
610 1804 935 1885 emendicamus,
956 1804 1009 1868 dal
1029 1803 1116 1866 beide
1134 1821 1180 1865 aa·

203 1903 292 1966 lidair
319 1923 391 1967 νοοῖ
414 1905 574 1970 elkandere
605 1908 806 1985 handellngen
834 1909 967 1988 inetaan,
998 1909 1111 1970 waarin
1132 1907 1180 1970 die

202 2007 260 2070 ank
281 2009 406 2071 bestaan
423 2028 538 2090 megen3
559 2010 648 2090 hetnij
672 2031 739 2072 men
762 2031 797 2072 ze
815 2012 907 2073 onder
923 2012 962 2073 de
983 2010 1103 2072 rubriek
1120 2028 1180 2070 van

204 2111 300 2193 dalea,
332 2115 428 2193 eulpa,
460 2114 630 2190 diligentia
648 2114 682 2175 of
702 2114 836 2176 custodia
864 2115 984 2194 brenge,
1015 2114 1101 2193 altijd
1122 2118 1182 2193 nijn

205 2215 291 2276 beide
311 2217 509 2296 geaamenlijk
529 2217 814 2298 veraniwoordelijk.
855 2218 920 2278 Een
942 2216 1112 2278 anderenin
1125 2215 1181 2291 ligt

205 2320 238 2380 in
258 2319 331 2382 dene
349 2321 493 2400 optelling
514 2322 585 2402 niet,
607 2340 644 2382 en
654 2325 699 2384 tot
719 2322 757 2382 de
767 2320 1028 2400 begripsbepaling
1037 2336 1097 2379 van
1108 2335 1182 2380 eene

204 2423 258 2486 der
274 2426 436 2502 genoemde
452 2425 686 2503 uitdmkkingen
711 2426 781 2488 doet
798 2426 872 2488 dene
892 2427 991 2504 plaats
1009 2425 1086 2486 niete
1103 2422 1143 2484 ai.
1166 2423 1176 2459 ¹

248 2529 283 2590 L.
305 2527 323 2586 5
347 2530 368 2608 ξ
392 2533 430 2592 22
451 2530 488 2591 D.
510 2531 594 2592 utin
615 2530 701 2592 Poss.
721 2529 818 2611 (36.4)

244 2631 281 2693 In
301 2633 427 2694 caeteris
444 2650 561 2710 qnoque
582 2635 670 2695 rebus
688 2635 877 2696 hereditariis
908 2635 991 2696 missi
1012 2634 1044 2694 in
1064 2651 1180 2713 posses·

203 2736 316 2798 sionem
343 2737 399 2798 hoe
430 2737 487 2798 erit
518 2737 652 2818 officium,
683 2743 718 2800 ut
744 2740 900 2799 universae
920 2755 968 2800 rea
985 2736 1182 2799 hereditarias

203 2840 326 2918 colligat
356 2845 386 2903 et
413 2840 656 2904 custodiat....:
677 2846 708 2903 et
728 2847 802 2922 puio
819 2842 862 2902 ita
883 2839 1060 2917 legatarium
1081 2843 1178 2900 eneto-

203 2942 268 3004 dire
288 2961 337 3004 rea
353 2942 549 3006 hereditarias
575 2945 692 3025 debere,
712 2949 746 3007 ut
766 2962 862 3022 neque
880 2944 984 3006 heredi
1001 2941 1181 3020 auferantur,

203 3065 300 3124 neque
317 3047 480 3127 depereant
499 3049 698 3112 deterioresve
720 3050 803 3111 liant.

245 3150 326 3211 Deze
353 3151 453 3230 plaats
478 3153 504 3214 is
531 3155 633 3214 veoral
660 3172 720 3214 van
744 3154 862 3232 belang‚
884 3153 984 3215 omdat
1004 3152 1109 3213 daarin
1130 3150 1182 3212 het

203 3255 614 3333 geveelenvaniicndnnn²
631 3256 839 3336 weersproken
860 3257 962 3336 werdt,
984 3255 1063 3316 aises
1069 3256 1106 3316 de
1117 3271 1183 3316 aue·

118 3425 120 3429 ⁴
203 3359 287 3422 todia
312 3361 409 3422 alleen
430 3361 556 3423 bestond
572 3363 604 3422 in
624 3361 676 3424 het
697 3361 827 3424 afweren
847 3379 907 3421 van
928 3361 980 3422 het
1002 3359 1097 3421 totaal
1117 3376 1182 3420 ver-

203 3463 260 3526 lies
287 3483 346 3525 van
373 3465 426 3526 het
443 3464 602 3540 bedreigde
621 3481 781 3543 voorwerp.
824 3465 884 3524 Zoo
905 3463 966 3538 min
983 3463 1015 3522 in
1031 3462 1090 3522 den
1110 3459 1183 3522 eard

203 3567 259 3629 der
283 3567 368 3648 naal,
401 3570 446 3629 ale
468 3569 499 3628 in
519 3568 557 3628 de
579 3568 753 3646 nitspraken
773 3568 827 3628 der
847 3567 980 3627 bronnen
1001 3567 1057 3642 ligt
1078 3566 1183 3640 eenige

203 3671 375 3748 aanleiding
406 3676 450 3733 tot
480 3671 552 3732 aulk
580 3689 653 3732 eene
674 3671 852 3750 beperking:
875 3687 912 3730 en
933 3655 1134 3747 bepaaldelijk
1151 3667 1183 3728 in

204 3774 243 3836 de
269 3773 335 3836 hier
362 3773 567 3851 aangehaalde
595 3780 655 3835 wel
682 3777 742 3851 nijn
769 3773 807 3833 de
829 3772 938 3833 laatsie
958 3771 1095 3832 woorden
1115 3770 1182 3831 vol·

204 3877 328 3956 deende,
360 3895 408 3937 om
435 3877 492 3938 001<
513 3875 565 3937 hel
586 3875 715 3937 aiweren
736 3893 795 3934 van
816 3872 1008 3951 gedeeltelijk
1029 3872 1137 3933 verliee
1154 3871 1188 3934 oi

205 3979 313 4040 bederi
336 3979 427 4040 onder
455 3979 500 4041 dit
529 3980 635 4057 begrip
656 3983 686 4040 te
707 3976 879 4039 betrekken.
920 3975 993 4036 Niet
1013 3976 1045 4035 in
1062 3974 1115 4038 het
1131 3994 1182 4052 ge-

204 4083 291 4144 heele
312 4082 346 4143 of
362 4081 570 4161 gedeellelijke
592 4082 699 4142 verlien
721 4081 773 4141 der
795 4080 871 4140 naak
892 4080 948 4154 ligi
969 4078 1024 4140 dun
1046 4077 1181 4141 helken-

207 4220 379 4232 m-

242 4305 253 4333 1
273 4299 322 4361 ligi.
344 4299 423 4356 Hlssn,
442 4300 459 4365 S
478 4299 521 4351 64.

239 4393 251 4420 ¹
274 4389 304 4439 ll.
323 4406 342 4438 z.
363 4389 452 4440 llandb.
471 4391 487 4446 l,
507 4391 530 4439 S.
547 4387 693 4446 lle-lea
711 4387 757 4448 vgl.
774 4387 846 4436 bolen
866 4386 907 4435 lnl.
927 4386 943 4450 S
962 4387 984 4435 4.
