2858 5040
752 575 789 636 52

323 733 358 797 1..
382 741 398 798 1
422 737 442 816 ξ
465 736 483 794 5
505 737 541 796 D.
563 736 601 798 dc
623 734 657 797 Ο.
679 742 709 797 et
731 737 767 796 A.
790 736 886 816 (44.7)

321 841 354 900 Is
370 855 496 919 quoquc,
517 839 597 917 apud
614 855 702 916 quem
722 855 785 899 rem
806 838 938 915 aliquam
959 838 1142 920 deponimus,
1162 859 1258 902 reno·

281 943 329 1002 bis
346 946 472 1021 tonatur,
493 943 544 1019 qui
562 946 593 1004 at
607 943 671 1020 ipsc
703 941 740 1003 dc
756 960 788 1003 re
809 959 899 1019 quam
915 943 1063 1022 occeperit
1072 945 1259 1006 restituenda

281 1049 407 1106 tenetur.
447 1043 508 1106 Sed
537 1045 564 1105 is
601 1045 691 1108 otiam
718 1047 745 1106 ai
773 1047 959 1121 negligenter
986 1064 1048 1108 rem
1079 1047 1257 1109 custoditam

282 1149 423 1228 amiserit,
444 1165 564 1210 securus
582 1154 628 1210 est
659 1149 703 1230 (in
724 1151 935 1225 tegenstclling
955 1150 1097 1230 namelijlr
1120 1169 1180 1212 van
1198 1152 1257 1212 den

282 1254 516 1334 commodataris,
546 1273 698 1316 waarover
728 1257 759 1314 in
789 1255 809 1334 ξ
838 1255 1047 1331 4gehandeld
1068 1255 1163 1334 was):
1185 1257 1258 1334 quia

282 1358 361 1419 enim
388 1377 448 1419 non
479 1376 534 1418 sua
554 1359 651 1434 gratia
673 1359 791 1438 ancipit,
812 1359 865 1420 sed
885 1360 949 1438 ejus
971 1376 1065 1437 aquo
1086 1360 1205 1439 accipit,
1226 1359 1259 1420 in

281 1479 317 1523 eo
338 1462 401 1522 solo
421 1464 547 1540 tenetur,
569 1461 596 1521 si
618 1460 690 1537 quid
712 1461 780 1522 dolo
796 1461 926 1539 perierit.
957 1461 1168 1537 Negligentiae
1186 1479 1258 1522 vero

280 1563 398 1624 nomine
425 1563 493 1622 ideo
513 1580 572 1622 non
593 1566 718 1642 tenetur,
740 1563 872 1640 quiaqni
894 1563 1057 1639 negligenti
1079 1563 1174 1624 arnico
1194 1581 1256 1624 rem

279 1668 502 1731 custodiendam
530 1667 695 1747 committit,
715 1667 753 1728 de
774 1684 807 1728 se
829 1667 912 1744 queri
927 1667 1035 1728 debet:
1056 1687 1194 1745 magnam
1212 1677 1257 1731 ta·

279 1789 348 1833 men
369 1770 581 1847 negligentiam
601 1769 715 1849 placuit
736 1771 767 1828 in
788 1770 848 1831 doli
870 1771 992 1833 crimine
1010 1772 1126 1834 eadere.

320 1875 407 1936 Even
426 1875 472 1935 als
492 1873 670 1953 gewoonlle
690 1873 785 1936 werdt
797 1873 863 1934 hier
882 1874 938 1934 dus
948 1875 1034 1936 dolus
1055 1895 1113 1936 ean
1134 1877 1172 1939 dc
1183 1895 1256 1940 eone

281 1979 368 2060 zijdc,
389 1979 572 2056 negligentia
593 1975 707 2059 (culpa)
726 1997 785 2038 aan
805 1978 842 2038 de
864 1978 983 2059 andere,
996 1984 1093 2056 -tegen
1114 1981 1257 2042 clkander

280 2103 351 2146 over
377 2084 503 2165 gesteld,
524 2102 562 2145 en
582 2084 642 2144 den
659 2083 691 2144 in
712 2083 884 2163 parenthesi
904 2085 1089 2165 bljgcvoegd,
1110 2085 1162 2146 dat
1183 2104 1257 2149 eene

280 2207 348 2250 noer
374 2193 476 2265 groote
507 2192 587 2250 mate
619 2206 678 2248 van
698 2188 882 2264 negligentia
903 2189 948 2249 als
969 2188 1055 2250 dolus
1076 2189 1255 2252 beschouwd

278 2299 358 2356 moct
378 2293 505 2372 worden,
526 2293 769 2371 interpretatione
786 2291 945 2354 daanncda
965 2294 1058 2373 gelljk
1072 2294 1196 2371 gestcld.

320 2397 357 2458 L.
379 2398 434 2476 θῇ
454 2399 472 2458 3
494 2397 531 2472 D.
553 2396 688 2457 dePrec.
711 2393 829 2476 (43.26)

320 2501 400 2562 Illud
431 2501 597 2580 adnotatur,
632 2499 710 2577 quod
738 2501 855 2577 culpam
882 2517 941 2560 non
972 2501 1105 2581 praestet
1136 2503 1171 2581 is,
1202 2503 1254 2580 qui

279 2605 412 2682 precario
432 2605 558 2683 rogavit,
578 2603 632 2664 sed
663 2605 758 2664 solum
778 2603 878 2664 dolum
887 2609 1034 2682 praestat:
1056 2603 1254 2684 ..'..culpam

278 2711 377 2768 tamen
399 2707 466 2768 dolo
487 2707 651 2786 proximam
671 2706 815 2768 contineri
836 2707 903 2782 quis
921 2707 1026 2769 meritc
1047 2708 1171 2770 dixerit.

319 2811 356 2871 In
370 2811 414 2873 dit
438 2811 542 2889 ,culpa
553 2809 621 2870 dolo
631 2809 783 2888 proxIma’'
794 2810 850 2885 ligt
861 2827 930 2870 noer
934 2799 1011 2887 juist
1022 2811 1059 2872 de
1069 2810 1255 2888 verhouding

277 2920 323 2975 tot
338 2913 395 2975 den
415 2914 502 2975 dolus
522 2932 560 2974 en
581 2913 618 2975 de
639 2913 732 2990 grond
753 2913 806 2973 der
826 2913 1049 2992 golijlrstelling.
1251 2971 1255 2982 .

320 3017 391 3093 Vgl.
418 3017 518 3095 l.1§
543 3020 558 3077 1
582 3016 618 3075 D.
638 3016 772 3076 sillone.
803 3014 909 3096 (11.6),
930 3018 951 3076 l.
970 3019 1009 3077 29
1029 3035 1074 3095 pr.
1096 3019 1133 3077 D.
1152 3019 1253 3080 Mand.

280 3118 388 3202 (17.1),
417 3121 438 3180 l.
470 3123 488 3180 7
521 3119 541 3198 ξ
570 3123 586 3178 1
616 3120 653 3179 D.
684 3117 827 3196 chuap.
847 3119 917 3179 'lut
940 3118 1109 3200 (26.10),1.
1132 3121 1151 3181 5
1172 3122 1193 3200 ὅ
1214 3122 1253 3181 15

280 3225 318 3284 D.
349 3228 383 3285 ut
413 3223 445 3283 in
462 3223 547 3283 Posa
573 3219 903 3301 (36.4),1.1§2D.
929 3221 963 3282 Si
984 3223 1010 3284 is
1031 3223 1082 3300 qui
1105 3223 1252 3304 (47.4),1

279 3327 349 3388 20.
369 3326 456 3388 dein
477 3326 538 3388 Lit.
554 3326 615 3403 J'ur.
637 3323 743 3405 (5.53),
766 3343 830 3385 enz.

319 3430 356 3489 L.
379 3432 436 3489 226
458 3429 495 3488 D.
516 3429 554 3490 de
575 3427 613 3488 V.
634 3426 665 3487 S.
687 3427 804 3508 (50.16)

317 3533 427 3608 Magna
447 3531 631 3608 negligentia
648 3532 735 3609 culpa
753 3534 807 3609 eat,
836 3547 944 3607 magna
962 3536 1050 3614 culpa
1069 3535 1155 3598 dolus
1175 3543 1229 3600 est.

315 3635 352 3696 L.
374 3637 413 3695 32
434 3634 471 3694 D.
492 3635 568 3714 Dap.
590 3633 700 3716 (16.3).

316 3737 404 3826 Quod
435 3739 555 3800 Nuarn
587 3737 706 3817 diceret,
737 3737 873 3799 latiorem
902 3739 1019 3819 culpam
1050 3743 1150 3804 dolum
1176 3761 1251 3824 csse,

273 3845 432 3905 Pnoouno
453 3841 638 3922 displicebat,
658 3839 732 3902 mihi
750 3841 937 3904 verissimum
957 3844 1088 3908 videtur.

318 3948 402 4007 Naar
421 3949 510 4024 mijne
529 3945 668 4022 meening
688 3963 802 4022 zeggen
823 3945 897 4008 dene
915 3952 1024 4010 wetten
1035 3950 1113 4011 nicta
1136 3950 1253 4031 andere,

276 4049 335 4109 dan
363 4053 423 4110 wat
447 4049 479 4109 in
511 4048 547 4110 do
577 4049 836 4125 bovengenoemde
858 4069 896 4110 on
910 4053 976 4112 vele
998 4052 1107 4114 andere
1124 4055 1252 4130 gelezen

275 4152 377 4214 wordt.
419 4153 492 4213 Niet
511 4153 570 4213 alle
588 4153 773 4228 nalatigheid
788 4153 814 4213 is
836 4157 1041 4236 onregtmatig,
1062 4157 1253 4235 integendecl

274 4257 377 4318 buitcn
393 4256 445 4318 het
466 4261 596 4318 contract
614 4258 640 4320 is
657 4255 730 4317 zelfs
752 4256 788 4317 dc
804 4256 915 4333 grofstc
932 4277 1009 4336 geon
1020 4265 1140 4336 onrcgt:
1153 4261 1252 4324 allcen

272 4361 327 4422 dus
348 4363 393 4422 als
415 4363 451 4438 ztj
475 4361 506 4420 in
528 4358 613 4441 atrljd
634 4361 660 4420 is
675 4364 735 4420 met
754 4360 790 4422 de
805 4360 971 4442 diligentie,
992 4363 1088 4426 welko
1109 4364 1161 4426 het
1183 4381 1250 4426 con-
