2858 5040
724 518 742 574 6

241 677 267 736 is
282 674 354 736 daar
374 674 460 736 reeds
477 674 599 754 bevrijd,
621 693 759 735 wanneer
777 675 816 754 hij
840 675 973 736 derelide
992 675 1215 754 opletiendheid

240 778 368 838 betoond
391 777 482 857 heeft,
508 776 604 838 welke
629 777 670 856 hij
699 796 822 853 gewoon
840 779 866 838 is
886 779 917 838 in
935 783 994 857 zijn
1016 779 1103 854 eigen
1122 779 1218 839 zaken

242 881 455 942 aantewenden
474 881 574 961 (eulpa
595 883 627 940 in
649 880 799 961 conserere),
821 881 910 961 heizij
927 883 975 943 die
994 901 1074 944 mear
1091 883 1125 943 of
1141 885 1218 943 min·

242 984 295 1044 der
312 986 339 1044 is
357 985 416 1044 dan
434 984 482 1046 die
503 1003 562 1044 van
584 1003 638 1046 een
659 986 765 1062 ijverig
786 985 954 1065 huisvader‚
976 987 1093 1065 mitszij
1107 987 1217 1048 sleehts

243 1087 306 1146 niet
326 1087 406 1146 valle
424 1087 515 1147 onder
532 1087 584 1148 hei
602 1088 706 1165 begrip
724 1087 778 1147 der
799 1089 888 1164 eulpa
909 1089 980 1148 laia.

282 1191 318 1250 In
346 1191 478 1253 verband
505 1195 566 1251 met
592 1193 629 1250 de
654 1191 717 1250 drie
746 1192 894 1252 abstracte
925 1191 1038 1266 graden
1059 1191 1218 1252 verdeelde

241 1311 309 1354 rnen
326 1293 383 1360 eek
404 1293 442 1354 de
459 1299 636 1374 eontraeien‚
657 1299 710 1355 ten
730 1294 838 1355 minate
854 1295 911 1374 die,
932 1296 1028 1356 welke
1047 1313 1120 1356 eene
1138 1295 1216 1356 naak

241 1403 293 1458 ten
310 1398 481 1476 onderwerp
498 1397 625 1477 hebben,
646 1398 678 1458 in
696 1397 759 1458 dria
778 1403 905 1478 soortan,
927 1417 999 1459 voer
1016 1417 1122 1460 eoover
1139 1399 1173 1460 ef
1179 1399 1217 1459 de

241 1501 407 1578 beklaagde
440 1502 540 1564 alleen·
563 1501 700 1562 voordeel
729 1502 774 1563 nit
795 1501 833 1562 de
850 1502 1076 1564 overeenkomst
1092 1503 1168 1582 irak,
1190 1502 1226 1564 of

242 1605 329 1668 beide
360 1608 495 1685 partijen,
528 1605 562 1664 ei
576 1606 674 1667 alleen
695 1605 732 1666 de
747 1585 848 1666 ander.
891 1606 927 1664 In
944 1605 997 1666 hei
1018 1609 1113 1668 eerste
1131 1608 1220 1682 geval

242 1710 269 1768 is
289 1709 329 1786 hij
352 1725 423 1768 soor
443 1708 532 1786 eulpa
552 1709 707 1769 levissima
728 1707 959 1788 aansprakelijk,
981 1709 1013 1767 in
1033 1709 1086 1770 het
1103 1711 1220 1770 tweede

243 1829 314 1874 voor
332 1813 420 1890 eulpa
441 1813 525 1891 levis,
545 1813 578 1872 in
594 1812 646 1872 het
667 1811 758 1872 derde
780 1813 877 1872 alleen
899 1829 970 1872 voor
990 1812 1079 1890 enipa
1095 1814 1166 1872 lata.
1188 1815 1222 1874 Is

242 1915 294 1976 het
316 1915 490 1993 onderwerp-
505 1915 707 1990 daerentegen
722 1931 778 1975 een
794 1913 914 1993 fantum,
935 1913 995 1974 dan
1012 1913 1219 1976 onderseheidt

243 2038 311 2082 men
329 2020 362 2081 oi
377 2019 418 2098 hij
438 2019 505 2080 zieh
522 2024 567 2080 tot
584 2019 622 2080 de
642 2019 820 2094 velvoering
839 2018 973 2079 daarvan
990 2019 1053 2080 zeli
1069 2019 1150 2082 heeft
1167 2039 1217 2099 op·

243 2125 414 2200 gedrongen
443 2124 543 2204 (eulpa
567 2121 743 2202 levissima),
775 2122 808 2182 ei
836 2123 888 2184 dat
914 2123 963 2183 die
983 2122 1051 2184 hem
1070 2123 1142 2184 door
1161 2125 1221 2186 den

245 2229 337 2290 ander
358 2228 547 2307 opgedragen
568 2228 595 2288 is
617 2227 718 2307 (eulpa
735 2225 824 2305 levis)
851 2225 874 2285 ἦ

287 2333 334 2394 De
353 2336 559 2392 veornaamste
580 2329 995 2405 aamnerkingentegendene
1012 2329 1126 2390 theonis
1147 2336 1223 2410 zijn:

249 2444 276 2498 1.
309 2438 360 2498 dat
391 2437 429 2496 de
459 2434 616 2510 diligentia
646 2434 867 2510 diligentissimi
895 2434 952 2494 ists
976 2434 1224 2495 bevenmensehe·

246 2539 317 2618 lijks
335 2538 370 2617 is,
391 2537 514 2599 wathet
533 2541 599 2613 regi
620 2555 679 2596 van
700 2535 837 2598 iedereen
857 2536 921 2597 niet
941 2553 1010 2611 mag
1031 2536 1064 2596 ef
1076 2535 1137 2599 kan
1157 2553 1224 2598 vor·-

249 2643 349 2721 deren,
377 2641 602 2717 buitengewene
633 2640 775 2718 talenien,
806 2637 840 2700 ei
857 2638 930 2700 zelfa
951 2639 1158 2716 bovenmaiige
1180 2641 1225 2700 in·

249 2745 400 2825 spanning
414 2745 475 2806 kan
495 2762 564 2805 men
584 2744 616 2804 in
636 2743 695 2804 den
715 2744 797 2819 regel
817 2742 880 2806 niet
897 2743 1101 2806 verwaehten:
1125 2746 1152 2804 2.
1170 2744 1223 2804 dai

249 2855 287 2932 nij
309 2857 399 2928 teger
420 2847 669 2912 onderseheidene
690 2847 864 2926 nitspraken
885 2847 939 2908 der
954 2847 1087 2907 brunnen
1108 2847 1140 2907 in
1157 2847 1223 2925 lijn

251 2959 355 3032 negten
370 2952 572 3033 tegenspraak
582 2952 618 3030 is,
639 2968 774 3012 veorzee
785 2968 838 3010 ver
847 2949 913 3010 hier
923 2966 960 3008 en
981 2948 1055 3008 daar
1070 2965 1130 3008 van
1141 2949 1229 3026 eulpa

251 3059 404 3122 levissima
435 3056 569 3119 denelide
596 3054 805 3134 omsehrijving
835 3071 969 3129 gegeven
988 3051 1083 3114 werdt
1103 3053 1151 3112 als
1169 3069 1228 3114 van

252 3165 340 3243 eulpa
359 3163 436 3224 levis
460 3161 485 3240 ²,
506 3178 544 3222 en
564 3158 693 3237 dikwijls
713 3157 752 3219 de
761 3155 1129 3232 lantstgeneemdealshet
1139 3157 1229 3218 niter·

251 3273 297 3329 sie
318 3267 372 3328 der
391 3263 556 3326 vereisehte
578 3261 800 3341 opletiendheid
817 3261 971 3322 voerkomd
997 3261 1020 3339 ³,
1041 3260 1075 3320 ei
1091 3261 1227 3322 welden-

254 3373 420 3386 -—-=·

288 3427 297 3453 ¹
318 3423 344 3471 lk
361 3423 407 3471 heb
425 3422 465 3484 [οἱ]
485 3421 536 3469 hier
555 3417 626 3468 alleen
644 3425 679 3467 iot
696 3418 726 3468 de
741 3418 872 3480 algemeene
891 3413 1136 3479 beginselenbspasld,
1153 3427 1226 3464 waar-

251 3519 353 3563 0m1reni
367 3511 426 3561 alien
442 3511 483 3560 het
501 3525 556 3560 eene
572 3522 659 3558 waren:
677 3513 779 3558 omnent
794 3505 986 3569 endergesehikta
1001 3511 1087 3568 penten
1109 3503 1145 3570 (ο.
1163 3521 1185 3554 a.
1204 3503 1230 3553 in

253 3605 363 3653 heevane
377 3602 406 3652 de
421 3600 487 3665 eulpa
506 3602 528 3650 in
543 3605 651 3649 concreto
666 3599 699 3648 als
715 3597 782 3662 eulpa
800 3597 846 3647 lata
864 3605 887 3646 te
906 3596 1060 3645 beschonwen
1077 3594 1109 3661 is)
1127 3593 1229 3644 bestond

250 3703 304 3745 teen
325 3707 434 3744 evenzear
459 3690 527 3754 strijd
549 3689 582 3739 als
599 3689 671 3739 thane
687 3687 761 3739 order
774 3688 803 3738 de
818 3687 980 3737 seorstanders
995 3685 1037 3735 der
1054 3691 1114 3735 twee
1132 3685 1228 3747 graden.

250 3788 309 3837 Vror
331 3786 360 3836 de
383 3783 550 3844 entwikkeiing
571 3781 613 3830 der
630 3779 723 3842 geheele
741 3781 828 3830 theone
845 3795 886 3829 zon
905 3777 1016 3828 manalis
1033 3776 1231 3841 enderejnristen

253 3877 345 3941 (dunc.
374 3873 403 3924 ad
416 3874 434 3925 Ι.
450 3872 484 3922 23
500 3871 530 3921 de
545 3871 576 3920 R.
594 3869 628 3928 1.;
645 3868 758 3918 Drcnnns
775 3868 796 3918 1.
814 3868 840 3919 6.
859 3883 884 3919 n.
897 3869 927 3926 ὃς
944 3867 1054 3925 flunnrus,
1070 3867 1164 3930 Encyei.
1180 3869 1230 3930 jur.

248 3965 478 4024 111.1.6;v1nnus
497 3963 525 4013 nd
545 3961 563 4027 3
582 3959 599 4008 2
619 3960 639 4010 1.
656 3960 726 4018 8.15,
745 3959 812 4027 enz.)
833 3960 928 4009 kunnen
943 3958 1043 4009 citeron:
1059 3957 1082 4008 ik
1100 3957 1230 4008 benvoorai

250 4058 327 4106 Gndcn
344 4057 436 4105 domni.
456 4055 485 4104 {V
502 4053 520 4120 3
535 4049 670 4103 sao-824
686 4051 791 4115 gevolgd.

287 4150 298 4177 ¹
319 4146 347 4195 L.
365 4145 399 4195 18
415 4161 449 4208 pr.
466 4145 493 4194 D.
509 4143 599 4194 Comm.
618 4141 702 4209 (13.6)
722 4158 750 4193 en
767 4143 783 4191 i.
800 4139 834 4191 25
851 4141 869 4206 S
885 4140 902 4189 7
918 4141 947 4190 ὓ.
966 4139 1021 4188 Loc.
1042 4135 1229 4204 (19.2);1‚31

252 4239 283 4287 el.
301 4237 317 4286 1.
331 4235 363 4286 44
381 4251 416 4299 pr.
451 4235 479 4283 D.
499 4236 527 4284 ad
547 4236 563 4287 1.
583 4238 624 4302 riq.
646 4232 766 4301 (s.2):1.
785 4231 862 4282 360.
881 4231 910 4281 de
930 4231 980 4280 det.
999 4229 1028 4279 E.
1048 4225 1146 4295 (19.1).

287 4335 298 4361 ⁸
319 4328 347 4376 L.
365 4327 397 4376 38
415 4340 449 4390 pr.
467 4327 494 4375 D.
513 4327 542 4376 da
560 4327 643 4376 damno
662 4326 704 4375 ini.
736 4321 836 4390 (39.2);
852 4322 869 4386 S
888 4321 937 4369 51.
956 4319 983 4370 de
1000 4321 1055 4370 Loe.
1079 4317 1164 4386 (3.24)
