2858 5040
654 615 694 676 83

182 776 291 836 Neemt
313 792 380 835 men
398 775 455 834 ook
469 777 499 834 al
520 793 586 854 aun,
608 776 660 836 dat
671 775 708 836 de
727 777 890 837 Romeiuen
912 777 960 837 die
972 776 1159 840 endereehei-

184 880 257 956 d1ng
277 880 395 942 kenden
417 880 490 959 (wat
518 885 565 958 wij
594 898 719 942 meenen
749 886 810 942 met
831 887 897 957 regt
917 886 948 941 te
969 881 1162 960 ontkennen),

182 985 243 1045 dan
264 1001 325 1060 neg
340 1001 447 1044 nemen
463 985 523 1044 alle
544 987 714 1044 eontraeten
736 985 847 1046 zouwel
865 984 952 1062 eulpa
974 985 1019 1044 alu
1037 985 1161 1060 ddigen·

182 1089 226 1150 tia
244 1088 276 1148 in
293 1087 363 1148 dien
384 1088 434 1146 nin
458 1103 505 1166 op,
527 1105 564 1148 en
585 1086 637 1147 het
665 1103 744 1148 were
765 1087 821 1148 dus
840 1105 907 1150 neer
924 1088 1043 1166 enjuiet‚
1065 1087 1163 1148 nlleen

184 1190 224 1268 bij
249 1207 304 1250 een
324 1207 398 1266 puer
415 1193 585 1250 eontraeten
605 1207 643 1267 op
664 1193 694 1249 te
712 1189 850 1252 merken:
871 1189 1164 1268 ‚noneolumdolum

186 1297 217 1354 et
238 1293 364 1372 uulpem,
386 1292 439 1352 sed
460 1293 550 1353 etiam
576 1292 763 1367 diligentiam
780 1293 914 1370 recipit&

224 1395 292 1456 Aen
320 1395 377 1456 den
405 1413 499 1458 eenen
516 1395 590 1456 kant
602 1401 682 1456 mont
703 1396 740 1455 de
754 1396 925 1474 bijvoeging
942 1395 998 1455 dus
1015 1395 1084 1456 teeh
1105 1397 1162 1458 iets

184 1498 377 1578 beteekenen‚
407 1499 458 1558 wil
486 1517 554 1558 men
581 1500 620 1559 de
651 1498 847 1560 Romeineehe
873 1499 1002 1576 juristen
1033 1493 1096 1560 niet
1118 1502 1163 1559 als

185 1602 322 1678 sehnldig
346 1601 541 1676 besehouwen
574 1621 632 1662 ann
663 1604 701 1664 de
722 1607 816 1664 meest
833 1588 1081 1662 enverklaarbare
1100 1621 1164 1662 ver-

185 1705 315 1782 waning
345 1723 404 1764 van
432 1704 682 1780 uitdrukkingen:
712 1724 770 1764 aen
801 1704 839 1764 de
871 1704 981 1764 andere
1005 1705 1082 1783 zijde
1103 1704 1164 1764 kun

187 1825 255 1868 men
276 1807 313 1868 de
342 1807 515 1868 beteekenis
541 1824 602 1867 van
623 1807 710 1886 eulpa
729 1809 793 1868 niet
809 1806 995 1882 willekeurig
1015 1808 1166 1887 beperken

183 1915 228 1973 tot
257 1912 315 1971 iete
337 1909 409 1990 (wat
440 1911 500 1970 dan
529 1910 609 1989 ook),
638 1915 697 1972 wat
726 1910 778 1973 det
810 1911 909 1972 woord
940 1929 977 1988 op
1006 1911 1072 1971 nieh
1105 1912 1169 1972 zeli

187 2012 313 2077 etaande
342 2012 465 2073 nimmer
493 2014 660 2093 beteekent‚
688 2014 761 2073 daur
790 2014 842 2074 het
874 2013 1061 2088 integendeel
1079 2013 1166 2092 eltijd

185 2115 327 2192 gebuuikt
344 2116 439 2176 wordt
459 2135 506 2176 om
527 2116 565 2177 de
586 2116 665 2176 volle
686 2116 840 2193 diliyentt'u
858 2117 1006 2194 diliyentis
1020 2117 1165 2194 petrissa·

187 2219 335 2280 mittente
356 2219 475 2280 kennen
495 2224 525 2280 te
547 2237 651 2294 geven.

228 2322 373 2383 Alvorens
402 2323 503 2384 echter
533 2323 639 2383 verder
671 2328 701 2382 te
733 2341 820 2402 gaen,
847 2328 927 2383 meet
948 2323 979 2382 ik
1000 2323 1065 2384 hier
1086 2331 1164 2385 eerst

183 2426 324 2505 korteujk
341 2426 378 2487 de
398 2428 536 2504 plautuen
554 2426 728 2506 beepreken‚
739 2427 852 2486 waurin
870 2427 907 2486 de
918 2426 1005 2486 beide
1026 2427 1164 2487 woorden

186 2531 220 2589 in
248 2529 296 2590 die
328 2529 504 2604 verbinding
534 2530 724 2590 voorkomeu.
767 2530 810 2607 Zij
841 2533 899 2608 nijn
918 2528 1027 2590 sleehts
1048 2530 1111 2590 drie
1133 2533 1165 2590 in

185 2633 271 2708 geni
293 2629 325 2711 ¹3
347 2631 384 2692 de
406 2637 502 2693 eerete
523 2633 549 2693 ie

227 2735 264 2794 1..
286 2736 325 2796 23
346 2735 383 2795 D.
404 2735 441 2798 de
461 2737 498 2796 R.
520 2737 548 2796 J.
581 2733 698 2816 (50.17)

225 2839 401 2902 Contractus
425 2841 545 2918 quidam
571 2841 671 2902 dolum
700 2841 809 2902 malum
830 2841 985 2900 dumtaxat
1008 2841 1162 2920 recipiunt,

185 2943 308 3020 quidem
323 2948 353 3004 et
373 2942 472 3004 dolum
490 2949 521 3004 et
542 2946 679 3023 eulpam:
701 2942 801 3004 dolum
818 2947 934 3004 tantum
955 2943 1122 3022 depositum
1133 2950 1165 3006 et

183 3047 369 3127 precanum
401 3047 500 3108 dolum
528 3052 558 3108 et
586 3048 703 3125 eulpam
728 3047 910 3126 mandatum,
939 3047 1163 3126 commodatum,

185 3147 348 3228 venditum,
388 3151 504 3228 pignori
542 3155 704 3230 acceptum,
741 3152 878 3229 locatum,
904 3150 975 3212 item
1006 3150 1083 3211 notis
1111 3152 1163 3210 da-

186 3253 240 3332 tio,
267 3254 389 3331 tutelae,
422 3255 541 3329 negotiu
568 3259 654 3329 gesta
682 3253 726 3332 (in
751 3253 799 3312 his
830 3253 949 3329 quidem
977 3259 1008 3314 et
1039 3253 1164 3328 diligen·

186 3355 256 3435 tia),
283 3357 409 3418 eoeietns
434 3361 464 3417 et
495 3375 591 3418 rerum
619 3357 782 3418 communio
807 3360 837 3416 et
865 3356 965 3416 dolum
993 3361 1023 3415 et
1048 3357 1165 3434 eulpam

190 3458 306 3538 recipit.

230 3565 291 3625 Tei
318 3583 377 3640 nog
398 3571 446 3626 toe
470 3567 497 3624 is
518 3565 570 3626 het
589 3584 628 3624 m.
650 3566 670 3623 i.
692 3565 754 3625 niet
771 3565 884 3644 gelukt,
905 3564 979 3624 dene
995 3565 1094 3642 plaute
1116 3563 1167 3642 (de

187 3667 304 3746 eenige,
325 3668 374 3729 die
396 3687 434 3728 ex
454 3667 586 3746 professo
603 3668 641 3728 de
658 3669 720 3728 leer
740 3668 793 3728 der
813 3669 901 3744 eulpa
923 3665 1169 3744 behandeltimet

190 3770 229 3830 de
251 3769 365 3831 theorie
386 3770 438 3830 der
456 3775 531 3832 twee
548 3769 660 3846 graden
671 3771 936 3846 inungedwongen
954 3773 1169 3828 overeenstem·

188 3874 273 3948 ming
303 3879 333 3934 te
365 3874 505 3951 breugen,
540 3874 573 3934 of
591 3893 624 3934 er
644 3891 716 3934 eene
738 3873 902 3934 uoldoende
920 3871 1090 3946 verklering
1111 3891 1170 3932 van

190 3981 221 4036 te
244 3993 349 4052 geven.
392 3977 447 4036 Ais
466 3977 601 4052 begineel
622 3975 716 4036 werdt
737 3975 802 4036 hier
820 3976 857 4036 de
880 3975 1125 4052 underseheiding
1142 3979 1173 4036 in

189 4088 257 4141 duee
285 4081 455 4156 cetegoridn
483 4079 676 4157 vautgeeteld
698 4098 736 4139 en
754 4079 804 4140 ele
822 4079 969 4154 noodanig
989 4079 1105 4140 hebben
1123 4086 1171 4158 wij

222 4317 234 4343 ¹
255 4309 283 4359 L.
302 4311 318 4359 5
337 4309 357 4376 s
373 4311 407 4360 15
424 4311 453 4359 D.
476 4310 569 4362 Coum.
590 4309 674 4377 (13.6)
695 4313 739 4360 kun
756 4326 809 4362 men
825 4313 913 4363 hiertoe
935 4316 983 4364 niet
994 4317 1106 4366 tekenen:
1123 4329 1177 4364 ouer

188 4401 218 4452 de
237 4402 367 4465 verituring
383 4416 427 4453 vnn
446 4403 503 4453 dene
516 4402 589 4465 plaute
605 4403 651 4466 vgi.
670 4419 701 4452 un.
717 4403 769 4454 ben.
786 4419 808 4467 p.
824 4401 882 4454 10⁰.

1015 4496 1052 4555 6*
