2858 5040
678 579 716 638 69

210 744 243 802 in
274 741 332 802 den
362 740 445 816 rogel
466 739 514 798 aul
533 738 582 799 die
599 755 693 813 vraag
709 755 781 797 vocr
800 737 858 797 don
878 743 985 816 regar,
1006 737 1055 798 dio
1079 754 1184 816 onpar·

211 833 300 926 tljdig
330 847 427 907 boren
447 844 485 905 do
507 843 594 904 hoido
615 841 776 920 strinendo
799 845 925 921 partijen
943 846 1031 921 staat,
1051 842 1115 903 niet
1132 858 1186 902 noo

210 949 279 1010 hoel
300 947 459 1026 moeijolijlr
476 945 522 1005 nit
541 950 572 1007 to
589 943 697 1004 maken
718 948 796 1022 zijn:
818 943 928 1005 aendor
948 944 1001 1005 dat
1023 962 1057 1004 or
1077 943 1185 1022 sprake

211 1053 238 1112 is
270 1051 304 1111 of
330 1051 391 1110 kun
423 1052 483 1128 zljn
514 1067 573 1108 van
587 1047 640 1109 het
660 1049 838 1109 vcorstollon
858 1067 917 1108 van
942 1047 1013 1108 znlk
1033 1066 1089 1109 een
1106 1047 1186 1123 alge-

211 1172 298 1216 meen
314 1152 482 1231 vccrhoeld,
492 1152 532 1229 hij
551 1150 630 1212 wien
648 1151 685 1210 do
697 1150 896 1212 schuldenaar
911 1151 1029 1212 rocruit
1046 1168 1102 1211 nou
1112 1151 1187 1210 kun·

213 1276 273 1320 nen
299 1255 444 1336 „eluiem”
472 1254 528 1316 hoe
559 1255 599 1332 hij
633 1255 666 1314 in
692 1253 766 1316 done
795 1271 833 1314 en
853 1253 902 1314 die
923 1253 1190 1329 emotandigheden

211 1365 242 1422 te
263 1359 412 1420 handelen
432 1357 501 1418 had.
523 1357 605 1418 Eone
625 1355 910 1435 verpersocnlijking
938 1375 998 1418 van
1015 1357 1073 1418 don
1093 1355 1188 1436 dolus,

210 1463 261 1523 dio
288 1461 321 1522 in
351 1460 454 1538 begrip
486 1477 524 1519 en
553 1457 727 1534 beginsolcn
755 1476 809 1518 noc
839 1457 945 1534 geheel
961 1478 1021 1519 van
1041 1460 1078 1520 de
1100 1461 1188 1537 culpa

211 1563 363 1642 versabili,
383 1562 478 1623 werdt
497 1561 569 1622 door
585 1562 663 1622 niots
681 1561 712 1619 in
724 1577 797 1620 onze
816 1561 1011 1637 vooratelling
1030 1561 1188 1639 nitgelckt,

211 1685 250 1730 en
278 1685 334 1729 acu
361 1665 550 1744 integendool
574 1682 629 1725 een
660 1662 819 1724 voorbeold
847 1667 906 1743 nijn
934 1684 994 1726 van
1021 1666 1059 1726 de
1090 1667 1186 1726 meost

211 1772 386 1834 volkcmene
404 1769 585 1844 verwarring
605 1786 665 1828 van
685 1772 761 1830 twoe
773 1767 1007 1830 ondorscheiden
1024 1769 1188 1849 begrippen

211 1874 311 1956 (dolus
322 1891 359 1934 en
370 1870 486 1952 culpa):
508 1872 545 1932 do
557 1871 774 1946 argumentatio
785 1889 823 1931 ox
837 1871 974 1951 absurde,
995 1872 1044 1933 die
1055 1871 1188 1932 Sonans

210 1977 323 2056 daarop
340 1977 465 2038 beuwen
477 1974 538 2054 wil,
558 1974 639 2036 heeft
655 1973 710 2034 dus
727 1973 931 2050 hoegenaamd
949 1993 1025 2050 geon
1046 1976 1166 2052 gewigt.

251 2081 312 2142 Dat
333 2077 569 2156 integendcoldo
590 2077 787 2139 Romcinscho
802 2079 1187 2155 regtsgeloerdondozelfdo

212 2182 389 2258 rodenering
405 2180 591 2259 gebmikten,
612 2180 658 2240 als
675 2183 722 2258 wij
742 2197 796 2240 noo
817 2197 891 2241 oren
914 2180 1018 2256 deden,
1039 2181 1126 2259 hlijkt
1143 2181 1189 2242 uit

212 2286 250 2348 do
271 2285 389 2364 tahiJke
410 2283 556 2363 plaatsen,
578 2301 659 2342 waar
672 2286 710 2362 aij
739 2287 785 2344 ter
806 2281 1048 2358 boantwoording
1068 2300 1128 2342 van
1149 2282 1187 2344 de

210 2408 313 2469 vraag,
340 2388 436 2450 welke
453 2386 610 2464 diligentia
631 2386 750 2448 iomand
774 2392 804 2446 to
821 2387 967 2448 boteonon
988 2386 1078 2467 heeft,
1100 2386 1185 2465 altijd

212 2493 244 2554 in
268 2492 309 2554 de
336 2496 432 2554 oerste
455 2492 553 2570 plaats
574 2507 696 2569 vragen,
717 2489 773 2550 hoe
792 2507 848 2552 oen
866 2489 997 2565 diligens
1018 2488 1187 2568 paterfami-

211 2595 269 2658 lias
290 2595 357 2658 zich
377 2595 409 2656 in
429 2593 478 2656 dio
499 2594 764 2672 ametandigheden
785 2612 841 2656 acu
862 2594 1013 2672 gedrogon
1039 2593 1165 2655 hebben.

255 2699 292 2760 L.
314 2701 351 2759 11
372 2697 410 2758 D.
431 2697 468 2760 do
488 2698 557 2758 Per.
579 2703 609 2759 et
630 2697 663 2758 O.
686 2695 783 2778 (18.6)

253 2803 425 2866 divendita
445 2802 543 2864 insula
560 2802 713 2865 combusta
730 2806 818 2884 esset,
840 2823 906 2866 cnm
931 2804 1100 2866 incendium
1122 2805 1187 2866 sino
1219 2803 1222 2807 ’

209 2909 300 2988 eulpa
327 2906 392 2968 lieri
419 2925 478 2968 θοθ
504 2907 608 2988 possit,
639 2907 712 2984 qnid
724 2908 802 2985 juris
823 2907 885 2970 sit?
908 2909 1093 2988 Respondit:
1115 2909 1187 2986 quia

211 3011 277 3074 sine
297 3010 521 3090 patrisfamilias
538 3011 626 3090 culpa
647 3009 712 3071 fieri
733 3016 843 3091 potest,
869 3029 967 3089 neque
990 3011 1016 3072 si
1038 3028 1190 3072 servorum

211 3117 397 3192 negligentia
410 3117 521 3178 factum
536 3120 625 3195 osset,
645 3117 783 3178 continuo
805 3116 942 3177 deminus
959 3116 1097 3194 inculpa
1114 3115 1187 3194 erit3

205 3219 412 3298 quamobrem,
444 3218 471 3279 si
502 3219 638 3280 venditor
659 3237 725 3280 eam
746 3219 934 3294 diligentiam
955 3217 1140 3279 adhibuisset
1157 3218 1189 3278 in

211 3321 311 3384 insula
326 3320 529 3403 custodienda,
549 3340 639 3400 qnam
654 3322 763 3384 debent
773 3321 908 3384 homines
928 3321 1006 3398 frugi
1017 3339 1053 3382 ac
1063 3320 1189 3396 diligen·

208 3428 258 3485 tos
278 3429 440 3504 praestaro,
461 3424 488 3484 si
509 3423 581 3500 qnid
598 3424 766 3504 accidisset,
786 3423 862 3484 nihil
883 3423 922 3484 ad
936 3440 1003 3484 enm
1019 3420 1188 3501 pertinebit.

250 3528 287 3588 L.
309 3531 349 3589 14
369 3527 406 3587 Ι).
427 3525 464 3587 dc
477 3526 565 3602 Pign.
586 3527 624 3586 Α.
646 3524 744 3606 (13.7)

251 3630 298 3690 Ea
325 3629 425 3709 igitur,
453 3645 531 3706 qnae
559 3627 689 3704 diligens
720 3626 936 3706 paterfamilias
964 3627 995 3686 in
1021 3625 1085 3688 suis
1101 3625 1190 3687 rebus

209 3737 362 3814 praestare
379 3733 465 3811 solet,
485 3750 504 3793 a
522 3732 665 3794 creditore
679 3731 853 3806 exiguntur.

251 3837 287 3898 L.
311 3839 350 3897 10
369 3835 407 3896 Ι).
429 3834 467 3896 de
487 3833 575 3894 Adm.
597 3839 628 3896 et
642 3834 679 3894 P.
700 3835 772 3896 Tnt.
794 3831 892 3913 (26.7)

252 3940 440 4002 Generaliter
459 3939 692 4016 quotiescunque
710 3955 770 3998 θοθ
790 3937 824 3999 fit
843 3936 962 3998 nomine
980 3935 1096 4015 pupilli,
1111 3935 1191 4012 quod

212 4042 312 4120 quivis
343 4040 558 4122 paterfamilias
576 4040 700 4102 idonens
730 4039 811 4119 lacit,
832 4057 891 4100 θοθ
912 4039 1031 4100 videtur
1050 4036 1189 4099 dolendi:

213 4144 277 4206 sive
310 4143 401 4220 igitur
422 4142 607 4220 solutionem,
628 4141 693 4202 sivo
708 4141 863 4220 jndicinm‚
887 4141 950 4201 sive
970 4139 1191 4218 stipulationem

213 4245 368 4325 detrectat,
389 4242 508 4306 delendi
527 4261 586 4304 non
603 4242 729 4304 videtur.

256 4349 277 4427 ξ
301 4349 328 4409 5.
351 4349 375 4409 1.
397 4347 434 4409 do
456 4347 527 4409 Lcc.
548 4346 639 4408 Ocnd.
660 4333 757 4426 ’(3.24)
