<?xml version="1.0" encoding="UTF-8"?>
<!DOCTYPE html PUBLIC "-//W3C//DTD XHTML 1.0 Transitional//EN"
    "http://www.w3.org/TR/xhtml1/DTD/xhtml1-transitional.dtd">
<html xmlns="http://www.w3.org/1999/xhtml" xml:lang="en" lang="en">
 <head>
  <title>
</title>
<meta http-equiv="Content-Type" content="text/html;charset=utf-8" />
  <meta name='ocr-system' content='tesseract 3.04.00' />
  <meta name='ocr-capabilities' content='ocr_page ocr_carea ocr_par ocr_line ocrx_word'/>
</head>
<body>
  <div class='ocr_page' id='page_1' title='image "./specimenjuridic00feitgoog_0143.png"; bbox 0 0 2854 5042; ppageno 0'>
   <div class='ocr_carea' id='block_1_1' title="bbox 674 532 731 592">
    <p class='ocr_par' dir='ltr' id='par_1_1' title="bbox 674 532 731 592">
     <span class='ocr_line' id='line_1_1' title="bbox 674 532 731 592; baseline 0 0"><span class='ocrx_word' id='word_1_1' title='bbox 674 532 731 592; x_wconf 88' lang='grc'><strong>133</strong></span> 
     </span>
    </p>
   </div>
   <div class='ocr_carea' id='block_1_2' title="bbox 210 690 1194 2740">
    <p class='ocr_par' dir='ltr' id='par_1_2' title="bbox 210 690 1194 2740">
     <span class='ocr_line' id='line_1_2' title="bbox 211 690 1185 774; baseline 0 -16"><span class='ocrx_word' id='word_1_2' title='bbox 211 697 323 758; x_wconf 75' lang='lat' dir='ltr'><strong>asotos</strong></span> <span class='ocrx_word' id='word_1_3' title='bbox 337 690 523 772; x_wconf 76' lang='lat' dir='ltr'><strong>innominati,</strong></span> <span class='ocrx_word' id='word_1_4' title='bbox 543 690 593 754; x_wconf 87' lang='lat' dir='ltr'><strong>die</strong></span> <span class='ocrx_word' id='word_1_5' title='bbox 610 691 673 754; x_wconf 86' lang='lat' dir='ltr'><strong>niet</strong></span> <span class='ocrx_word' id='word_1_6' title='bbox 694 711 713 752; x_wconf 86' lang='lat' dir='ltr'><strong>a</strong></span> <span class='ocrx_word' id='word_1_7' title='bbox 730 691 821 773; x_wconf 81' lang='lat' dir='ltr'><strong>priori</strong></span> <span class='ocrx_word' id='word_1_8' title='bbox 835 711 873 774; x_wconf 90' lang='lat' dir='ltr'><strong>op</strong></span> <span class='ocrx_word' id='word_1_9' title='bbox 884 697 913 756; x_wconf 85' lang='lat' dir='ltr'><strong>te</strong></span> <span class='ocrx_word' id='word_1_10' title='bbox 934 709 1031 771; x_wconf 80' lang='lat' dir='ltr'><strong>geron</strong></span> <span class='ocrx_word' id='word_1_11' title='bbox 1048 696 1126 774; x_wconf 83' lang='lat' dir='ltr'><strong>aljn:</strong></span> <span class='ocrx_word' id='word_1_12' title='bbox 1147 714 1185 759; x_wconf 89' lang='lat' dir='ltr'><strong>en</strong></span> 
     </span>
     <span class='ocr_line' id='line_1_3' title="bbox 210 793 1186 876; baseline 0 -18"><span class='ocrx_word' id='word_1_13' title='bbox 210 794 376 858; x_wconf 84' lang='lat' dir='ltr'><strong>inderdoad</strong></span> <span class='ocrx_word' id='word_1_14' title='bbox 401 795 428 856; x_wconf 90' lang='lat' dir='ltr'><strong>is</strong></span> <span class='ocrx_word' id='word_1_15' title='bbox 454 793 501 857; x_wconf 85' lang='lat' dir='ltr'><strong>dit</strong></span> <span class='ocrx_word' id='word_1_16' title='bbox 526 793 579 856; x_wconf 85' lang='lat' dir='ltr'><strong>het</strong></span> <span class='ocrx_word' id='word_1_17' title='bbox 599 795 753 876; x_wconf 79' lang='lat' dir='ltr'><strong>resultaat,</strong></span> <span class='ocrx_word' id='word_1_18' title='bbox 773 801 903 858; x_wconf 70' lang='lat' dir='ltr'><strong>uaamoe</strong></span> <span class='ocrx_word' id='word_1_19' title='bbox 923 795 1029 858; x_wconf 84' lang='lat' dir='ltr'><strong>enkelo</strong></span> <span class='ocrx_word' id='word_1_20' title='bbox 1049 797 1186 860; x_wconf 87' lang='lat' dir='ltr'><strong>Romein·</strong></span> 
     </span>
     <span class='ocr_line' id='line_1_4' title="bbox 213 897 1190 976; baseline 0.001 -14"><span class='ocrx_word' id='word_1_21' title='bbox 213 898 285 962; x_wconf 86' lang='lat' dir='ltr'><strong>sohe</strong></span> <span class='ocrx_word' id='word_1_22' title='bbox 315 897 556 976; x_wconf 75' lang='lat' dir='ltr'><strong>rugtsgeleerden</strong></span> <span class='ocrx_word' id='word_1_23' title='bbox 582 897 720 961; x_wconf 80' lang='lat' dir='ltr'><strong>kusmon</strong></span> <span class='ocrx_word' id='word_1_24' title='bbox 756 899 779 960; x_wconf 89' lang='lat'><strong>¹.</strong></span> <span class='ocrx_word' id='word_1_25' title='bbox 821 899 935 976; x_wconf 72' lang='lat' dir='ltr'><strong>&#39;reregi</strong></span> <span class='ocrx_word' id='word_1_26' title='bbox 955 901 1087 962; x_wconf 85' lang='lat' dir='ltr'><strong>euenwel</strong></span> <span class='ocrx_word' id='word_1_27' title='bbox 1106 899 1190 964; x_wconf 84' lang='lat' dir='ltr'><strong>haeft</strong></span> 
     </span>
     <span class='ocr_line' id='line_1_5' title="bbox 211 1001 1189 1081; baseline 0.003 -17"><span class='ocrx_word' id='word_1_28' title='bbox 211 1001 443 1064; x_wconf 79' lang='lat' dir='ltr'><strong>Jusnrnnuus</strong></span> <span class='ocrx_word' id='word_1_29' title='bbox 454 1001 486 1062; x_wconf 88' lang='lat' dir='ltr'><strong>iu</strong></span> <span class='ocrx_word' id='word_1_30' title='bbox 496 1005 573 1081; x_wconf 79' lang='lat' dir='ltr'><strong>aijne</strong></span> <span class='ocrx_word' id='word_1_31' title='bbox 586 1002 804 1079; x_wconf 78' lang='lat' dir='ltr'><strong>wutgevingde</strong></span> <span class='ocrx_word' id='word_1_32' title='bbox 821 1003 959 1080; x_wconf 79' lang='lat' dir='ltr'><strong>meaning</strong></span> <span class='ocrx_word' id='word_1_33' title='bbox 978 1021 1038 1064; x_wconf 86' lang='lat' dir='ltr'><strong>van</strong></span> <span class='ocrx_word' id='word_1_34' title='bbox 1058 1004 1189 1068; x_wconf 77' lang='lat' dir='ltr'><strong>anderen</strong></span> 
     </span>
     <span class='ocr_line' id='line_1_6' title="bbox 213 1102 1188 1184; baseline 0.003 -18"><span class='ocrx_word' id='word_1_35' title='bbox 213 1103 379 1184; x_wconf 76' lang='lat' dir='ltr'><strong>bavestigd,</strong></span> <span class='ocrx_word' id='word_1_36' title='bbox 406 1103 559 1166; x_wconf 79' lang='lat' dir='ltr'><strong>uaardoor</strong></span> <span class='ocrx_word' id='word_1_37' title='bbox 586 1102 639 1166; x_wconf 85' lang='lat' dir='ltr'><strong>het</strong></span> <span class='ocrx_word' id='word_1_38' title='bbox 669 1103 811 1166; x_wconf 86' lang='lat' dir='ltr'><strong>mandaat</strong></span> <span class='ocrx_word' id='word_1_39' title='bbox 842 1123 900 1165; x_wconf 82' lang='lat' dir='ltr'><strong>aon</strong></span> <span class='ocrx_word' id='word_1_40' title='bbox 931 1105 1002 1166; x_wconf 90' lang='lat' dir='ltr'><strong>dien</strong></span> <span class='ocrx_word' id='word_1_41' title='bbox 1022 1105 1104 1182; x_wconf 82' lang='lat' dir='ltr'><strong>rogel</strong></span> <span class='ocrx_word' id='word_1_42' title='bbox 1125 1112 1188 1169; x_wconf 91' lang='lat' dir='ltr'><strong>ont-</strong></span> 
     </span>
     <span class='ocr_line' id='line_1_7' title="bbox 213 1207 1189 1289; baseline 0.003 -19"><span class='ocrx_word' id='word_1_43' title='bbox 213 1207 341 1270; x_wconf 83' lang='lat' dir='ltr'><strong>lrokken</strong></span> <span class='ocrx_word' id='word_1_44' title='bbox 362 1208 474 1288; x_wconf 82' lang='lat' dir='ltr'><strong>uordt3</strong></span> <span class='ocrx_word' id='word_1_45' title='bbox 495 1214 585 1288; x_wconf 84' lang='lat' dir='ltr'><strong>want,</strong></span> <span class='ocrx_word' id='word_1_46' title='bbox 605 1207 745 1272; x_wconf 84' lang='lat' dir='ltr'><strong>oluohoou</strong></span> <span class='ocrx_word' id='word_1_47' title='bbox 766 1208 818 1272; x_wconf 84' lang='lat' dir='ltr'><strong>hot</strong></span> <span class='ocrx_word' id='word_1_48' title='bbox 835 1227 916 1270; x_wconf 80' lang='lat' dir='ltr'><strong>naar</strong></span> <span class='ocrx_word' id='word_1_49' title='bbox 936 1209 972 1289; x_wconf 84' lang='lat' dir='ltr'><strong>is,</strong></span> <span class='ocrx_word' id='word_1_50' title='bbox 992 1209 1046 1272; x_wconf 81' lang='lat' dir='ltr'><strong>dat</strong></span> <span class='ocrx_word' id='word_1_51' title='bbox 1066 1211 1189 1288; x_wconf 83' lang='lat' dir='ltr'><strong>volgons</strong></span> 
     </span>
     <span class='ocr_line' id='line_1_8' title="bbox 213 1311 1190 1393; baseline 0.002 -20"><span class='ocrx_word' id='word_1_52' title='bbox 213 1311 267 1374; x_wconf 81' lang='lat' dir='ltr'><strong>bel</strong></span> <span class='ocrx_word' id='word_1_53' title='bbox 297 1312 493 1374; x_wconf 81' lang='lat' dir='ltr'><strong>Romaiusohe</strong></span> <span class='ocrx_word' id='word_1_54' title='bbox 514 1317 580 1389; x_wconf 74' lang='lat' dir='ltr'><strong>regi</strong></span> <span class='ocrx_word' id='word_1_55' title='bbox 601 1312 647 1374; x_wconf 87' lang='lat' dir='ltr'><strong>dit</strong></span> <span class='ocrx_word' id='word_1_56' title='bbox 675 1316 809 1375; x_wconf 81' lang='lat' dir='ltr'><strong>ooubaot</strong></span> <span class='ocrx_word' id='word_1_57' title='bbox 835 1311 942 1389; x_wconf 82' lang='lat' dir='ltr'><strong>geheol</strong></span> <span class='ocrx_word' id='word_1_58' title='bbox 962 1313 1075 1390; x_wconf 79' lang='lat' dir='ltr'><strong>gratuit</strong></span> <span class='ocrx_word' id='word_1_59' title='bbox 1096 1315 1131 1393; x_wconf 85' lang='lat' dir='ltr'><strong>is,</strong></span> <span class='ocrx_word' id='word_1_60' title='bbox 1152 1333 1190 1377; x_wconf 85' lang='lat' dir='ltr'><strong>aa</strong></span> 
     </span>
     <span class='ocr_line' id='line_1_9' title="bbox 214 1415 1190 1499; baseline 0 -21"><span class='ocrx_word' id='word_1_61' title='bbox 214 1415 313 1478; x_wconf 86' lang='lat' dir='ltr'><strong>allaen</strong></span> <span class='ocrx_word' id='word_1_62' title='bbox 333 1416 365 1476; x_wconf 90' lang='lat' dir='ltr'><strong>in</strong></span> <span class='ocrx_word' id='word_1_63' title='bbox 381 1415 434 1478; x_wconf 83' lang='lat' dir='ltr'><strong>het</strong></span> <span class='ocrx_word' id='word_1_64' title='bbox 453 1416 563 1492; x_wconf 81' lang='lat' dir='ltr'><strong>belaag</strong></span> <span class='ocrx_word' id='word_1_65' title='bbox 580 1433 640 1477; x_wconf 84' lang='lat' dir='ltr'><strong>van</strong></span> <span class='ocrx_word' id='word_1_66' title='bbox 658 1415 716 1477; x_wconf 90' lang='lat' dir='ltr'><strong>den</strong></span> <span class='ocrx_word' id='word_1_67' title='bbox 727 1415 872 1477; x_wconf 89' lang='lat' dir='ltr'><strong>mandans</strong></span> <span class='ocrx_word' id='word_1_68' title='bbox 892 1415 986 1478; x_wconf 86' lang='lat' dir='ltr'><strong>wordt</strong></span> <span class='ocrx_word' id='word_1_69' title='bbox 1007 1435 1190 1499; x_wconf 81' lang='lat' dir='ltr'><strong>aangegaan,</strong></span> 
     </span>
     <span class='ocr_line' id='line_1_10' title="bbox 215 1518 1190 1602; baseline 0.005 -21"><span class='ocrx_word' id='word_1_70' title='bbox 215 1521 242 1582; x_wconf 88' lang='lat' dir='ltr'><strong>is</strong></span> <span class='ocrx_word' id='word_1_71' title='bbox 266 1519 318 1580; x_wconf 86' lang='lat' dir='ltr'><strong>het</strong></span> <span class='ocrx_word' id='word_1_72' title='bbox 348 1520 466 1599; x_wconf 83' lang='lat' dir='ltr'><strong>gevolg,</strong></span> <span class='ocrx_word' id='word_1_73' title='bbox 494 1519 547 1580; x_wconf 86' lang='lat' dir='ltr'><strong>dat</strong></span> <span class='ocrx_word' id='word_1_74' title='bbox 577 1535 645 1581; x_wconf 86' lang='lat' dir='ltr'><strong>men</strong></span> <span class='ocrx_word' id='word_1_75' title='bbox 675 1518 786 1582; x_wconf 76' lang='lat' dir='ltr'><strong>biennii</strong></span> <span class='ocrx_word' id='word_1_76' title='bbox 813 1519 863 1580; x_wconf 87' lang='lat' dir='ltr'><strong>wil</strong></span> <span class='ocrx_word' id='word_1_77' title='bbox 894 1519 1029 1602; x_wconf 75' lang='lat' dir='ltr'><strong>bekken,</strong></span> <span class='ocrx_word' id='word_1_78' title='bbox 1056 1521 1136 1584; x_wconf 80' lang='lat' dir='ltr'><strong>alsol&#39;</strong></span> <span class='ocrx_word' id='word_1_79' title='bbox 1152 1523 1190 1586; x_wconf 87' lang='lat' dir='ltr'><strong>do</strong></span> 
     </span>
     <span class='ocr_line' id='line_1_11' title="bbox 215 1619 1189 1703; baseline 0.004 -20"><span class='ocrx_word' id='word_1_80' title='bbox 215 1626 342 1703; x_wconf 60' lang='lat' dir='ltr'><strong>ambian</strong></span> <span class='ocrx_word' id='word_1_81' title='bbox 372 1622 412 1702; x_wconf 82' lang='lat' dir='ltr'><strong>blj</strong></span> <span class='ocrx_word' id='word_1_82' title='bbox 439 1619 492 1683; x_wconf 89' lang='lat' dir='ltr'><strong>het</strong></span> <span class='ocrx_word' id='word_1_83' title='bbox 519 1619 657 1698; x_wconf 82' lang='lat' dir='ltr'><strong>aangaan</strong></span> <span class='ocrx_word' id='word_1_84' title='bbox 687 1621 740 1682; x_wconf 90' lang='lat' dir='ltr'><strong>der</strong></span> <span class='ocrx_word' id='word_1_85' title='bbox 767 1621 992 1684; x_wconf 84' lang='lat' dir='ltr'><strong>overeonkomsl</strong></span> <span class='ocrx_word' id='word_1_86' title='bbox 1008 1641 1102 1700; x_wconf 83' lang='lat' dir='ltr'><strong>geone</strong></span> <span class='ocrx_word' id='word_1_87' title='bbox 1122 1624 1189 1687; x_wconf 91' lang='lat' dir='ltr'><strong>dili·</strong></span> 
     </span>
     <span class='ocr_line' id='line_1_12' title="bbox 216 1723 1189 1806; baseline 0.005 -21"><span class='ocrx_word' id='word_1_88' title='bbox 216 1725 319 1804; x_wconf 73' lang='lat' dir='ltr'><strong>gentia</strong></span> <span class='ocrx_word' id='word_1_89' title='bbox 337 1743 377 1804; x_wconf 85' lang='lat' dir='ltr'><strong>op</strong></span> <span class='ocrx_word' id='word_1_90' title='bbox 397 1723 450 1787; x_wconf 84' lang='lat' dir='ltr'><strong>hat</strong></span> <span class='ocrx_word' id='word_1_91' title='bbox 465 1741 523 1802; x_wconf 80' lang='lat' dir='ltr'><strong>oog</strong></span> <span class='ocrx_word' id='word_1_92' title='bbox 539 1724 668 1804; x_wconf 80' lang='lat' dir='ltr'><strong>haddon,</strong></span> <span class='ocrx_word' id='word_1_93' title='bbox 689 1724 795 1800; x_wconf 83' lang='lat' dir='ltr'><strong>gehoel</strong></span> <span class='ocrx_word' id='word_1_94' title='bbox 809 1725 930 1806; x_wconf 78' lang='lat' dir='ltr'><strong>onjuist.</strong></span> <span class='ocrx_word' id='word_1_95' title='bbox 972 1726 1041 1786; x_wconf 80' lang='lat' dir='ltr'><strong>Hsd</strong></span> <span class='ocrx_word' id='word_1_96' title='bbox 1060 1726 1098 1790; x_wconf 89' lang='lat' dir='ltr'><strong>de</strong></span> <span class='ocrx_word' id='word_1_97' title='bbox 1109 1731 1189 1790; x_wconf 79' lang='lat' dir='ltr'><strong>man·</strong></span> 
     </span>
     <span class='ocr_line' id='line_1_13' title="bbox 215 1826 1189 1907; baseline 0.004 -16"><span class='ocrx_word' id='word_1_98' title='bbox 215 1828 291 1891; x_wconf 81' lang='lat' dir='ltr'><strong>dana</strong></span> <span class='ocrx_word' id='word_1_99' title='bbox 301 1828 504 1907; x_wconf 79' lang='lat' dir='ltr'><strong>ditvooraien,</strong></span> <span class='ocrx_word' id='word_1_100' title='bbox 514 1826 555 1907; x_wconf 79' lang='lat' dir='ltr'><strong>bij</strong></span> <span class='ocrx_word' id='word_1_101' title='bbox 569 1845 625 1889; x_wconf 84' lang='lat' dir='ltr'><strong>nou</strong></span> <span class='ocrx_word' id='word_1_102' title='bbox 642 1830 720 1907; x_wconf 77' lang='lat' dir='ltr'><strong>aljan</strong></span> <span class='ocrx_word' id='word_1_103' title='bbox 738 1827 885 1904; x_wconf 83' lang='lat' dir='ltr'><strong>bolangon</strong></span> <span class='ocrx_word' id='word_1_104' title='bbox 898 1829 961 1892; x_wconf 86' lang='lat' dir='ltr'><strong>niet</strong></span> <span class='ocrx_word' id='word_1_105' title='bbox 970 1847 1029 1890; x_wconf 86' lang='lat' dir='ltr'><strong>aaa</strong></span> <span class='ocrx_word' id='word_1_106' title='bbox 1039 1829 1098 1894; x_wconf 85' lang='lat' dir='ltr'><strong>dan</strong></span> <span class='ocrx_word' id='word_1_107' title='bbox 1108 1850 1189 1894; x_wconf 79' lang='lat' dir='ltr'><strong>man-</strong></span> 
     </span>
     <span class='ocr_line' id='line_1_14' title="bbox 217 1930 1190 2010; baseline 0.002 -14"><span class='ocrx_word' id='word_1_108' title='bbox 217 1933 331 1996; x_wconf 76' lang='lat' dir='ltr'><strong>datoris</strong></span> <span class='ocrx_word' id='word_1_109' title='bbox 345 1931 461 1994; x_wconf 79' lang='lat' dir='ltr'><strong>hebben</strong></span> <span class='ocrx_word' id='word_1_110' title='bbox 479 1930 704 2010; x_wconf 83' lang='lat' dir='ltr'><strong>toaaortrouud,</strong></span> <span class='ocrx_word' id='word_1_111' title='bbox 724 1949 807 1994; x_wconf 84' lang='lat' dir='ltr'><strong>maan</strong></span> <span class='ocrx_word' id='word_1_112' title='bbox 821 1949 860 1998; x_wconf 82' lang='lat' dir='ltr'><strong>aa</strong></span> <span class='ocrx_word' id='word_1_113' title='bbox 881 1932 943 1993; x_wconf 83' lang='lat' dir='ltr'><strong>aelf</strong></span> <span class='ocrx_word' id='word_1_114' title='bbox 959 1931 1075 1996; x_wconf 85' lang='lat' dir='ltr'><strong>hebben</strong></span> <span class='ocrx_word' id='word_1_115' title='bbox 1096 1953 1190 1998; x_wconf 87' lang='lat' dir='ltr'><strong>waar-</strong></span> 
     </span>
     <span class='ocr_line' id='line_1_15' title="bbox 217 2034 1194 2118; baseline 0.003 -18"><span class='ocrx_word' id='word_1_116' title='bbox 217 2053 382 2116; x_wconf 77' lang='lat' dir='ltr'><strong>genomen:</strong></span> <span class='ocrx_word' id='word_1_117' title='bbox 402 2035 493 2099; x_wconf 71' lang='lat' dir='ltr'><strong>meas</strong></span> <span class='ocrx_word' id='word_1_118' title='bbox 514 2035 596 2097; x_wconf 82' lang='lat' dir='ltr'><strong>heell</strong></span> <span class='ocrx_word' id='word_1_119' title='bbox 612 2034 652 2114; x_wconf 79' lang='lat' dir='ltr'><strong>hij</strong></span> <span class='ocrx_word' id='word_1_120' title='bbox 672 2053 707 2095; x_wconf 89' lang='lat' dir='ltr'><strong>ae</strong></span> <span class='ocrx_word' id='word_1_121' title='bbox 721 2051 780 2094; x_wconf 82' lang='lat' dir='ltr'><strong>san</strong></span> <span class='ocrx_word' id='word_1_122' title='bbox 801 2034 869 2096; x_wconf 87' lang='lat' dir='ltr'><strong>hem</strong></span> <span class='ocrx_word' id='word_1_123' title='bbox 887 2053 1194 2118; x_wconf 79' lang='lat' dir='ltr'><strong>overgegeven‚maar</strong></span> 
     </span>
     <span class='ocr_line' id='line_1_16' title="bbox 219 2137 1190 2219; baseline 0 -17"><span class='ocrx_word' id='word_1_124' title='bbox 219 2137 382 2218; x_wconf 77' lang='lat' dir='ltr'><strong>natuurlljk</strong></span> <span class='ocrx_word' id='word_1_125' title='bbox 395 2139 492 2200; x_wconf 86' lang='lat' dir='ltr'><strong>alleen</strong></span> <span class='ocrx_word' id='word_1_126' title='bbox 511 2138 542 2198; x_wconf 90' lang='lat' dir='ltr'><strong>iu</strong></span> <span class='ocrx_word' id='word_1_127' title='bbox 552 2138 590 2200; x_wconf 86' lang='lat' dir='ltr'><strong>de</strong></span> <span class='ocrx_word' id='word_1_128' title='bbox 601 2137 875 2218; x_wconf 81' lang='lat' dir='ltr'><strong>veronderstelling‚</strong></span> <span class='ocrx_word' id='word_1_129' title='bbox 896 2138 949 2200; x_wconf 82' lang='lat' dir='ltr'><strong>dui</strong></span> <span class='ocrx_word' id='word_1_130' title='bbox 962 2139 1002 2218; x_wconf 85' lang='lat' dir='ltr'><strong>hij</strong></span> <span class='ocrx_word' id='word_1_131' title='bbox 1014 2139 1053 2219; x_wconf 81' lang='lat' dir='ltr'><strong>bij</strong></span> <span class='ocrx_word' id='word_1_132' title='bbox 1066 2141 1115 2202; x_wconf 84' lang='lat' dir='ltr'><strong>dia</strong></span> <span class='ocrx_word' id='word_1_133' title='bbox 1126 2159 1190 2204; x_wconf 89' lang='lat' dir='ltr'><strong>ver-</strong></span> 
     </span>
     <span class='ocr_line' id='line_1_17' title="bbox 215 2238 1190 2319; baseline 0 -15"><span class='ocrx_word' id='word_1_134' title='bbox 215 2241 368 2319; x_wconf 76' lang='lat' dir='ltr'><strong>uisseling</strong></span> <span class='ocrx_word' id='word_1_135' title='bbox 398 2258 475 2319; x_wconf 78' lang='lat' dir='ltr'><strong>geon</strong></span> <span class='ocrx_word' id='word_1_136' title='bbox 501 2240 609 2303; x_wconf 84' lang='lat' dir='ltr'><strong>nadeol</strong></span> <span class='ocrx_word' id='word_1_137' title='bbox 632 2257 688 2302; x_wconf 85' lang='lat' dir='ltr'><strong>aou</strong></span> <span class='ocrx_word' id='word_1_138' title='bbox 723 2238 849 2302; x_wconf 78' lang='lat' dir='ltr'><strong>hebben.</strong></span> <span class='ocrx_word' id='word_1_139' title='bbox 892 2239 990 2316; x_wconf 79' lang='lat' dir='ltr'><strong>„Quid</strong></span> <span class='ocrx_word' id='word_1_140' title='bbox 1020 2243 1190 2304; x_wconf 75' lang='lat' dir='ltr'><strong>mandato?</strong></span> 
     </span>
     <span class='ocr_line' id='line_1_18' title="bbox 218 2344 1191 2422; baseline 0.003 -15"><span class='ocrx_word' id='word_1_141' title='bbox 218 2346 274 2407; x_wconf 79' lang='lat' dir='ltr'><strong>Est</strong></span> <span class='ocrx_word' id='word_1_142' title='bbox 290 2345 471 2406; x_wconf 81' lang='lat' dir='ltr'><strong>committere</strong></span> <span class='ocrx_word' id='word_1_143' title='bbox 499 2345 648 2420; x_wconf 85' lang='lat' dir='ltr'><strong>negotium</strong></span> <span class='ocrx_word' id='word_1_144' title='bbox 670 2344 792 2422; x_wconf 76' lang='lat' dir='ltr'><strong>aliquod</strong></span> <span class='ocrx_word' id='word_1_145' title='bbox 812 2345 898 2406; x_wconf 84' lang='lat' dir='ltr'><strong>alberi</strong></span> <span class='ocrx_word' id='word_1_146' title='bbox 925 2346 1094 2422; x_wconf 80' lang='lat' dir='ltr'><strong>gerendum.</strong></span> <span class='ocrx_word' id='word_1_147' title='bbox 1123 2349 1191 2410; x_wconf 85' lang='lat' dir='ltr'><strong>Non</strong></span> 
     </span>
     <span class='ocr_line' id='line_1_19' title="bbox 219 2447 1190 2530; baseline 0 -18"><span class='ocrx_word' id='word_1_148' title='bbox 219 2451 330 2530; x_wconf 82' lang='lat' dir='ltr'><strong>geritur</strong></span> <span class='ocrx_word' id='word_1_149' title='bbox 347 2452 446 2511; x_wconf 86' lang='lat' dir='ltr'><strong>autem</strong></span> <span class='ocrx_word' id='word_1_150' title='bbox 467 2449 525 2509; x_wconf 87' lang='lat' dir='ltr'><strong>nisi</strong></span> <span class='ocrx_word' id='word_1_151' title='bbox 547 2447 740 2512; x_wconf 76' lang='lat' dir='ltr'><strong>industriosi</strong></span> <span class='ocrx_word' id='word_1_152' title='bbox 760 2447 917 2524; x_wconf 83' lang='lat' dir='ltr'><strong>diligentia</strong></span> <span class='ocrx_word' id='word_1_153' title='bbox 935 2448 975 2511; x_wconf 84' lang='lat' dir='ltr'><strong>ad</strong></span> <span class='ocrx_word' id='word_1_154' title='bbox 1002 2467 1063 2512; x_wconf 88' lang='lat' dir='ltr'><strong>rem</strong></span> <span class='ocrx_word' id='word_1_155' title='bbox 1087 2468 1190 2528; x_wconf 83' lang='lat' dir='ltr'><strong>geren-</strong></span> 
     </span>
     <span class='ocr_line' id='line_1_20' title="bbox 218 2551 1192 2635; baseline 0.003 -19"><span class='ocrx_word' id='word_1_156' title='bbox 218 2555 287 2616; x_wconf 88' lang='lat' dir='ltr'><strong>dam</strong></span> <span class='ocrx_word' id='word_1_157' title='bbox 315 2553 493 2616; x_wconf 75' lang='lat' dir='ltr'><strong>necessaria.</strong></span> <span class='ocrx_word' id='word_1_158' title='bbox 534 2551 635 2628; x_wconf 77' lang='lat' dir='ltr'><strong>Quare</strong></span> <span class='ocrx_word' id='word_1_159' title='bbox 669 2553 721 2630; x_wconf 88' lang='lat' dir='ltr'><strong>qui</strong></span> <span class='ocrx_word' id='word_1_160' title='bbox 744 2552 906 2630; x_wconf 82' lang='lat' dir='ltr'><strong>gerendum</strong></span> <span class='ocrx_word' id='word_1_161' title='bbox 940 2554 1074 2635; x_wconf 79' lang='lat' dir='ltr'><strong>surripit,</strong></span> <span class='ocrx_word' id='word_1_162' title='bbox 1115 2556 1192 2620; x_wconf 85' lang='lat' dir='ltr'><strong>hano</strong></span> 
     </span>
     <span class='ocr_line' id='line_1_21' title="bbox 220 2655 1192 2740; baseline 0.003 -19"><span class='ocrx_word' id='word_1_163' title='bbox 220 2661 316 2740; x_wconf 85' lang='lat' dir='ltr'><strong>ipsam</strong></span> <span class='ocrx_word' id='word_1_164' title='bbox 333 2657 510 2722; x_wconf 74' lang='lat' dir='ltr'><strong>industriam</strong></span> <span class='ocrx_word' id='word_1_165' title='bbox 533 2658 565 2717; x_wconf 93' lang='lat' dir='ltr'><strong>in</strong></span> <span class='ocrx_word' id='word_1_166' title='bbox 586 2674 620 2719; x_wconf 88' lang='lat' dir='ltr'><strong>so</strong></span> <span class='ocrx_word' id='word_1_167' title='bbox 646 2655 775 2719; x_wconf 79' lang='lat' dir='ltr'><strong>futuram</strong></span> <span class='ocrx_word' id='word_1_168' title='bbox 792 2657 923 2735; x_wconf 78' lang='lat' dir='ltr'><strong>resipere</strong></span> <span class='ocrx_word' id='word_1_169' title='bbox 939 2656 1075 2720; x_wconf 86' lang='lat' dir='ltr'><strong>videtur&#39;&#39;</strong></span> <span class='ocrx_word' id='word_1_170' title='bbox 1100 2659 1125 2721; x_wconf 88' lang='lat'><strong>².</strong></span> <span class='ocrx_word' id='word_1_171' title='bbox 1147 2661 1192 2724; x_wconf 90' lang='lat' dir='ltr'><strong>De</strong></span> 
     </span>
    </p>
   </div>
   <div class='ocr_carea' id='block_1_3' title="bbox 224 2759 1192 2844">
    <p class='ocr_par' dir='ltr' id='par_1_3' title="bbox 224 2759 1192 2844">
     <span class='ocr_line' id='line_1_22' title="bbox 224 2759 1192 2844; baseline 0 -20"><span class='ocrx_word' id='word_1_172' title='bbox 224 2763 367 2824; x_wconf 84' lang='lat' dir='ltr'><strong>daurons</strong></span> <span class='ocrx_word' id='word_1_173' title='bbox 387 2780 426 2841; x_wconf 87' lang='lat' dir='ltr'><strong>op</strong></span> <span class='ocrx_word' id='word_1_174' title='bbox 446 2761 505 2824; x_wconf 89' lang='lat' dir='ltr'><strong>den</strong></span> <span class='ocrx_word' id='word_1_175' title='bbox 522 2760 686 2844; x_wconf 72' lang='lat' dir='ltr'><strong>roorgrond</strong></span> <span class='ocrx_word' id='word_1_176' title='bbox 706 2759 841 2836; x_wconf 80' lang='lat' dir='ltr'><strong>gestelde</strong></span> <span class='ocrx_word' id='word_1_177' title='bbox 858 2760 949 2840; x_wconf 83' lang='lat' dir='ltr'><strong>ragel,</strong></span> <span class='ocrx_word' id='word_1_178' title='bbox 969 2760 1022 2823; x_wconf 91' lang='lat' dir='ltr'><strong>dat</strong></span> <span class='ocrx_word' id='word_1_179' title='bbox 1042 2763 1117 2824; x_wconf 90' lang='lat' dir='ltr'><strong>alles</strong></span> <span class='ocrx_word' id='word_1_180' title='bbox 1133 2781 1192 2826; x_wconf 84' lang='lat' dir='ltr'><strong>van</strong></span> 
     </span>
    </p>
   </div>
   <div class='ocr_carea' id='block_1_4' title="bbox 219 2901 346 2920">
    <p class='ocr_par' dir='ltr' id='par_1_4' title="bbox 219 2901 346 2920">
     <span class='ocr_line' id='line_1_23' title="bbox 219 2901 346 2920; baseline 0.016 -2"><span class='ocrx_word' id='word_1_181' title='bbox 219 2901 346 2920; x_wconf 50' lang='lat' dir='ltr'><strong>m</strong></span> 
     </span>
    </p>
   </div>
   <div class='ocr_carea' id='block_1_5' title="bbox 217 2967 1195 3306">
    <p class='ocr_par' dir='ltr' id='par_1_5' title="bbox 217 2967 1195 3306">
     <span class='ocr_line' id='line_1_24' title="bbox 256 2967 1192 3038; baseline 0.003 -21"><span class='ocrx_word' id='word_1_182' title='bbox 256 2967 336 3032; x_wconf 78' lang='lat' dir='ltr'><strong>=vgt</strong></span> <span class='ocrx_word' id='word_1_183' title='bbox 360 2968 386 3019; x_wconf 85' lang='lat' dir='ltr'><strong>b.</strong></span> <span class='ocrx_word' id='word_1_184' title='bbox 409 2983 432 3018; x_wconf 85' lang='lat' dir='ltr'><strong>u.</strong></span> <span class='ocrx_word' id='word_1_185' title='bbox 460 2968 611 3028; x_wconf 71' lang='lat' dir='ltr'><strong>bloussstuus</strong></span> <span class='ocrx_word' id='word_1_186' title='bbox 633 2970 686 3022; x_wconf 84' lang='lat' dir='ltr'><strong>Lib.</strong></span> <span class='ocrx_word' id='word_1_187' title='bbox 707 2971 729 3022; x_wconf 89' lang='lat' dir='ltr'><strong>ll</strong></span> <span class='ocrx_word' id='word_1_188' title='bbox 754 2971 835 3024; x_wconf 78' lang='lat' dir='ltr'><strong>Didus.</strong></span> <span class='ocrx_word' id='word_1_189' title='bbox 854 2971 922 3038; x_wconf 84' lang='lat' dir='ltr'><strong>(Call.</strong></span> <span class='ocrx_word' id='word_1_190' title='bbox 941 2973 971 3031; x_wconf 86' lang='lat' dir='ltr'><strong>X,</strong></span> <span class='ocrx_word' id='word_1_191' title='bbox 986 2968 1029 3036; x_wconf 68' lang='lat' dir='ltr'><strong>il:</strong></span> <span class='ocrx_word' id='word_1_192' title='bbox 1046 2968 1192 3022; x_wconf 78' lang='lat' dir='ltr'><strong>commodat</strong></span> 
     </span>
     <span class='ocr_line' id='line_1_25' title="bbox 217 3057 1193 3127; baseline 0.002 -19"><span class='ocrx_word' id='word_1_193' title='bbox 217 3057 305 3124; x_wconf 65' lang='lat' dir='ltr'><strong>judaia</strong></span> <span class='ocrx_word' id='word_1_194' title='bbox 318 3066 445 3110; x_wconf 82' lang='lat' dir='ltr'><strong>oouvontus</strong></span> <span class='ocrx_word' id='word_1_195' title='bbox 460 3061 530 3111; x_wconf 83' lang='lat' dir='ltr'><strong>etiam</strong></span> <span class='ocrx_word' id='word_1_196' title='bbox 547 3059 638 3124; x_wconf 82' lang='lat' dir='ltr'><strong>eulpam</strong></span> <span class='ocrx_word' id='word_1_197' title='bbox 653 3068 769 3126; x_wconf 80' lang='lat' dir='ltr'><strong>praestare</strong></span> <span class='ocrx_word' id='word_1_198' title='bbox 786 3061 887 3126; x_wconf 64' lang='lat' dir='ltr'><strong>uagitum</strong></span> <span class='ocrx_word' id='word_1_199' title='bbox 902 3063 942 3127; x_wconf 88' lang='lat' dir='ltr'><strong>qui</strong></span> <span class='ocrx_word' id='word_1_200' title='bbox 958 3075 1012 3114; x_wconf 79' lang='lat' dir='ltr'><strong>vero</strong></span> <span class='ocrx_word' id='word_1_201' title='bbox 1028 3061 1127 3127; x_wconf 83' lang='lat' dir='ltr'><strong>depositi</strong></span> <span class='ocrx_word' id='word_1_202' title='bbox 1136 3074 1193 3110; x_wconf 84' lang='lat' dir='ltr'><strong>aon·</strong></span> 
     </span>
     <span class='ocr_line' id='line_1_26' title="bbox 220 3149 1195 3218; baseline 0 -18"><span class='ocrx_word' id='word_1_203' title='bbox 220 3151 319 3209; x_wconf 82' lang='lat' dir='ltr'><strong>ronitur‚</strong></span> <span class='ocrx_word' id='word_1_204' title='bbox 343 3150 373 3202; x_wconf 82' lang='lat' dir='ltr'><strong>do</strong></span> <span class='ocrx_word' id='word_1_205' title='bbox 397 3149 459 3209; x_wconf 87' lang='lat' dir='ltr'><strong>dolo,</strong></span> <span class='ocrx_word' id='word_1_206' title='bbox 484 3165 530 3202; x_wconf 90' lang='lat' dir='ltr'><strong>aon</strong></span> <span class='ocrx_word' id='word_1_207' title='bbox 548 3152 619 3202; x_wconf 73' lang='lat' dir='ltr'><strong>etum</strong></span> <span class='ocrx_word' id='word_1_208' title='bbox 634 3151 663 3202; x_wconf 86' lang='lat' dir='ltr'><strong>do</strong></span> <span class='ocrx_word' id='word_1_209' title='bbox 678 3152 745 3218; x_wconf 81' lang='lat' dir='ltr'><strong>eulpa</strong></span> <span class='ocrx_word' id='word_1_210' title='bbox 762 3152 953 3204; x_wconf 80' lang='lat' dir='ltr'><strong>condemnandus</strong></span> <span class='ocrx_word' id='word_1_211' title='bbox 967 3159 1014 3203; x_wconf 85' lang='lat' dir='ltr'><strong>ast.</strong></span> <span class='ocrx_word' id='word_1_212' title='bbox 1049 3150 1195 3202; x_wconf 82' lang='lat' dir='ltr'><strong>Commodati</strong></span> 
     </span>
     <span class='ocr_line' id='line_1_27' title="bbox 222 3240 1195 3306; baseline -0.001 -16"><span class='ocrx_word' id='word_1_213' title='bbox 222 3241 284 3291; x_wconf 87' lang='lat' dir='ltr'><strong>enim</strong></span> <span class='ocrx_word' id='word_1_214' title='bbox 301 3247 420 3292; x_wconf 78' lang='lat' dir='ltr'><strong>contractu</strong></span> <span class='ocrx_word' id='word_1_215' title='bbox 435 3241 492 3306; x_wconf 86' lang='lat' dir='ltr'><strong>quia</strong></span> <span class='ocrx_word' id='word_1_216' title='bbox 507 3241 626 3305; x_wconf 84' lang='lat' dir='ltr'><strong>utriusque</strong></span> <span class='ocrx_word' id='word_1_217' title='bbox 640 3241 798 3292; x_wconf 83' lang='lat' dir='ltr'><strong>contrahentis</strong></span> <span class='ocrx_word' id='word_1_218' title='bbox 818 3242 906 3293; x_wconf 83' lang='lat' dir='ltr'><strong>utilitas</strong></span> <span class='ocrx_word' id='word_1_219' title='bbox 924 3240 1056 3298; x_wconf 82' lang='lat' dir='ltr'><strong>intervenit,</strong></span> <span class='ocrx_word' id='word_1_220' title='bbox 1071 3247 1195 3306; x_wconf 86' lang='lat' dir='ltr'><strong>atrumque</strong></span> 
     </span>
    </p>
   </div>
   <div class='ocr_carea' id='block_1_6' title="bbox 220 3329 1223 4378">
    <p class='ocr_par' dir='ltr' id='par_1_6' title="bbox 220 3329 1223 4378">
     <span class='ocr_line' id='line_1_28' title="bbox 221 3329 1195 3396; baseline -0.001 -15"><span class='ocrx_word' id='word_1_221' title='bbox 221 3337 362 3396; x_wconf 83' lang='lat' dir='ltr'><strong>praestatur;</strong></span> <span class='ocrx_word' id='word_1_222' title='bbox 388 3331 411 3381; x_wconf 90' lang='lat' dir='ltr'><strong>in</strong></span> <span class='ocrx_word' id='word_1_223' title='bbox 433 3330 531 3396; x_wconf 82' lang='lat' dir='ltr'><strong>depositi</strong></span> <span class='ocrx_word' id='word_1_224' title='bbox 553 3344 606 3381; x_wconf 83' lang='lat' dir='ltr'><strong>uero</strong></span> <span class='ocrx_word' id='word_1_225' title='bbox 629 3345 697 3381; x_wconf 81' lang='lat' dir='ltr'><strong>eausa</strong></span> <span class='ocrx_word' id='word_1_226' title='bbox 723 3331 771 3381; x_wconf 85' lang='lat' dir='ltr'><strong>sola</strong></span> <span class='ocrx_word' id='word_1_227' title='bbox 793 3330 930 3396; x_wconf 85' lang='lat' dir='ltr'><strong>deponentis</strong></span> <span class='ocrx_word' id='word_1_228' title='bbox 948 3329 1036 3380; x_wconf 83' lang='lat' dir='ltr'><strong>utilitas</strong></span> <span class='ocrx_word' id='word_1_229' title='bbox 1050 3331 1156 3388; x_wconf 83' lang='lat' dir='ltr'><strong>vertitur,</strong></span> <span class='ocrx_word' id='word_1_230' title='bbox 1170 3336 1195 3380; x_wconf 86' lang='lat' dir='ltr'><strong>et</strong></span> 
     </span>
     <span class='ocr_line' id='line_1_29' title="bbox 220 3419 1195 3486; baseline -0.001 -15"><span class='ocrx_word' id='word_1_231' title='bbox 220 3420 252 3472; x_wconf 89' lang='lat' dir='ltr'><strong>ibl</strong></span> <span class='ocrx_word' id='word_1_232' title='bbox 277 3420 345 3474; x_wconf 89' lang='lat' dir='ltr'><strong>dolus</strong></span> <span class='ocrx_word' id='word_1_233' title='bbox 371 3427 461 3470; x_wconf 83' lang='lat' dir='ltr'><strong>tautum</strong></span> <span class='ocrx_word' id='word_1_234' title='bbox 477 3427 615 3484; x_wconf 84' lang='lat' dir='ltr'><strong>praestatur.</strong></span> <span class='ocrx_word' id='word_1_235' title='bbox 651 3421 735 3471; x_wconf 81' lang='lat' dir='ltr'><strong>sedin</strong></span> <span class='ocrx_word' id='word_1_236' title='bbox 753 3422 837 3471; x_wconf 83' lang='lat' dir='ltr'><strong>caletis</strong></span> <span class='ocrx_word' id='word_1_237' title='bbox 855 3435 945 3486; x_wconf 84' lang='lat' dir='ltr'><strong>qaoque</strong></span> <span class='ocrx_word' id='word_1_238' title='bbox 960 3419 1064 3484; x_wconf 79' lang='lat' dir='ltr'><strong>panibus</strong></span> <span class='ocrx_word' id='word_1_239' title='bbox 1075 3420 1135 3484; x_wconf 86' lang='lat' dir='ltr'><strong>juris</strong></span> <span class='ocrx_word' id='word_1_240' title='bbox 1151 3420 1195 3472; x_wconf 80' lang='lat' dir='ltr'><strong>iste</strong></span> 
     </span>
     <span class='ocr_line' id='line_1_30' title="bbox 221 3507 1194 3573; baseline 0 -13"><span class='ocrx_word' id='word_1_241' title='bbox 221 3508 299 3573; x_wconf 68' lang='lat' dir='ltr'><strong>maula</strong></span> <span class='ocrx_word' id='word_1_242' title='bbox 315 3509 458 3568; x_wconf 65' lang='lat' dir='ltr'><strong>custoditum</strong></span> <span class='ocrx_word' id='word_1_243' title='bbox 474 3508 508 3559; x_wconf 86' lang='lat' dir='ltr'><strong>sio</strong></span> <span class='ocrx_word' id='word_1_244' title='bbox 523 3509 587 3560; x_wconf 83' lang='lat' dir='ltr'><strong>enim</strong></span> <span class='ocrx_word' id='word_1_245' title='bbox 605 3516 628 3560; x_wconf 85' lang='lat' dir='ltr'><strong>ot</strong></span> <span class='ocrx_word' id='word_1_246' title='bbox 647 3511 671 3560; x_wconf 91' lang='lat' dir='ltr'><strong>in</strong></span> <span class='ocrx_word' id='word_1_247' title='bbox 686 3507 785 3560; x_wconf 83' lang='lat' dir='ltr'><strong>flduaiae</strong></span> <span class='ocrx_word' id='word_1_248' title='bbox 799 3509 896 3573; x_wconf 76' lang='lat' dir='ltr'><strong>judicio,</strong></span> <span class='ocrx_word' id='word_1_249' title='bbox 912 3516 936 3560; x_wconf 84' lang='lat' dir='ltr'><strong>et</strong></span> <span class='ocrx_word' id='word_1_250' title='bbox 951 3509 974 3560; x_wconf 91' lang='lat' dir='ltr'><strong>in</strong></span> <span class='ocrx_word' id='word_1_251' title='bbox 989 3512 1079 3561; x_wconf 82' lang='lat' dir='ltr'><strong>actione</strong></span> <span class='ocrx_word' id='word_1_252' title='bbox 1094 3510 1194 3560; x_wconf 79' lang='lat' dir='ltr'><strong>raiano·</strong></span> 
     </span>
     <span class='ocr_line' id='line_1_31' title="bbox 220 3598 1196 3664; baseline -0.001 -13"><span class='ocrx_word' id='word_1_253' title='bbox 220 3601 267 3651; x_wconf 81' lang='lat' dir='ltr'><strong>riae</strong></span> <span class='ocrx_word' id='word_1_254' title='bbox 294 3607 319 3650; x_wconf 85' lang='lat' dir='ltr'><strong>et</strong></span> <span class='ocrx_word' id='word_1_255' title='bbox 345 3599 413 3650; x_wconf 85' lang='lat' dir='ltr'><strong>dolus</strong></span> <span class='ocrx_word' id='word_1_256' title='bbox 439 3606 463 3650; x_wconf 81' lang='lat' dir='ltr'><strong>at</strong></span> <span class='ocrx_word' id='word_1_257' title='bbox 484 3599 551 3663; x_wconf 81' lang='lat' dir='ltr'><strong>eulpa</strong></span> <span class='ocrx_word' id='word_1_258' title='bbox 575 3599 705 3658; x_wconf 81' lang='lat' dir='ltr'><strong>deducitur,</strong></span> <span class='ocrx_word' id='word_1_259' title='bbox 730 3598 784 3664; x_wconf 88' lang='lat' dir='ltr'><strong>quia</strong></span> <span class='ocrx_word' id='word_1_260' title='bbox 806 3599 924 3664; x_wconf 83' lang='lat' dir='ltr'><strong>utriusque</strong></span> <span class='ocrx_word' id='word_1_261' title='bbox 940 3599 1098 3650; x_wconf 78' lang='lat' dir='ltr'><strong>contrahentis</strong></span> <span class='ocrx_word' id='word_1_262' title='bbox 1109 3599 1196 3650; x_wconf 85' lang='lat' dir='ltr'><strong>utilitas</strong></span> 
     </span>
     <span class='ocr_line' id='line_1_32' title="bbox 222 3687 1223 3754; baseline -0.004 -12"><span class='ocrx_word' id='word_1_263' title='bbox 222 3691 353 3742; x_wconf 79' lang='lat' dir='ltr'><strong>interuenit.</strong></span> <span class='ocrx_word' id='word_1_264' title='bbox 387 3691 413 3742; x_wconf 88' lang='lat' dir='ltr'><strong>ln</strong></span> <span class='ocrx_word' id='word_1_265' title='bbox 438 3689 540 3741; x_wconf 86' lang='lat' dir='ltr'><strong>mandati</strong></span> <span class='ocrx_word' id='word_1_266' title='bbox 566 3703 620 3742; x_wconf 83' lang='lat' dir='ltr'><strong>roro</strong></span> <span class='ocrx_word' id='word_1_267' title='bbox 637 3687 817 3754; x_wconf 73' lang='lat' dir='ltr'><strong>judictatum,</strong></span> <span class='ocrx_word' id='word_1_268' title='bbox 834 3703 879 3738; x_wconf 88' lang='lat' dir='ltr'><strong>non</strong></span> <span class='ocrx_word' id='word_1_269' title='bbox 897 3690 967 3739; x_wconf 87' lang='lat' dir='ltr'><strong>otiam</strong></span> <span class='ocrx_word' id='word_1_270' title='bbox 983 3689 1049 3753; x_wconf 79' lang='lat' dir='ltr'><strong>culpa</strong></span> <span class='ocrx_word' id='word_1_271' title='bbox 1067 3687 1198 3745; x_wconf 81' lang='lat' dir='ltr'><strong>deducitur,</strong></span> <span class='ocrx_word' id='word_1_272' title='bbox 1220 3693 1223 3700; x_wconf 89' lang='lat'>&#39;</span> 
     </span>
     <span class='ocr_line' id='line_1_33' title="bbox 228 3775 1198 3850; baseline -0.004 -19"><span class='ocrx_word' id='word_1_273' title='bbox 228 3782 333 3848; x_wconf 86' lang='lat' dir='ltr'><strong>quamvis</strong></span> <span class='ocrx_word' id='word_1_274' title='bbox 356 3780 504 3844; x_wconf 78' lang='lat' dir='ltr'><strong>singulariter</strong></span> <span class='ocrx_word' id='word_1_275' title='bbox 518 3779 627 3830; x_wconf 83' lang='lat' dir='ltr'><strong>denotare</strong></span> <span class='ocrx_word' id='word_1_276' title='bbox 643 3779 710 3830; x_wconf 85' lang='lat' dir='ltr'><strong>liceat</strong></span> <span class='ocrx_word' id='word_1_277' title='bbox 727 3780 750 3828; x_wconf 90' lang='lat' dir='ltr'><strong>iu</strong></span> <span class='ocrx_word' id='word_1_278' title='bbox 766 3778 851 3829; x_wconf 77' lang='lat' dir='ltr'><strong>tutelae</strong></span> <span class='ocrx_word' id='word_1_279' title='bbox 865 3777 954 3841; x_wconf 86' lang='lat' dir='ltr'><strong>judicio</strong></span> <span class='ocrx_word' id='word_1_280' title='bbox 971 3785 1093 3850; x_wconf 79' lang='lat' dir='ltr'><strong>utrumque</strong></span> <span class='ocrx_word' id='word_1_281' title='bbox 1105 3775 1198 3834; x_wconf 83' lang='lat' dir='ltr'><strong>deduci,</strong></span> 
     </span>
     <span class='ocr_line' id='line_1_34' title="bbox 229 3867 1196 3936; baseline -0.003 -15"><span class='ocrx_word' id='word_1_282' title='bbox 229 3885 283 3922; x_wconf 87' lang='lat' dir='ltr'><strong>oum</strong></span> <span class='ocrx_word' id='word_1_283' title='bbox 309 3871 381 3921; x_wconf 88' lang='lat' dir='ltr'><strong>solius</strong></span> <span class='ocrx_word' id='word_1_284' title='bbox 397 3870 485 3936; x_wconf 85' lang='lat' dir='ltr'><strong>pupilli,</strong></span> <span class='ocrx_word' id='word_1_285' title='bbox 501 3885 548 3924; x_wconf 86' lang='lat' dir='ltr'><strong>uon</strong></span> <span class='ocrx_word' id='word_1_286' title='bbox 566 3871 636 3921; x_wconf 87' lang='lat' dir='ltr'><strong>otiam</strong></span> <span class='ocrx_word' id='word_1_287' title='bbox 652 3871 736 3920; x_wconf 87' lang='lat' dir='ltr'><strong>tutoris</strong></span> <span class='ocrx_word' id='word_1_288' title='bbox 751 3869 839 3920; x_wconf 83' lang='lat' dir='ltr'><strong>utilitas</strong></span> <span class='ocrx_word' id='word_1_289' title='bbox 855 3868 879 3918; x_wconf 88' lang='lat' dir='ltr'><strong>iu</strong></span> <span class='ocrx_word' id='word_1_290' title='bbox 896 3867 1101 3918; x_wconf 81' lang='lat' dir='ltr'><strong>administratione</strong></span> <span class='ocrx_word' id='word_1_291' title='bbox 1118 3881 1196 3918; x_wconf 83' lang='lat' dir='ltr'><strong>rotse-</strong></span> 
     </span>
     <span class='ocr_line' id='line_1_35' title="bbox 227 3957 1197 4022; baseline -0.005 -10"><span class='ocrx_word' id='word_1_292' title='bbox 227 3961 390 4012; x_wconf 86' lang='lat' dir='ltr'><strong>tnr.-·Erou</strong></span> <span class='ocrx_word' id='word_1_293' title='bbox 400 3960 524 4018; x_wconf 83' lang='lat' dir='ltr'><strong>alsoveral,</strong></span> <span class='ocrx_word' id='word_1_294' title='bbox 536 3975 597 4011; x_wconf 78' lang='lat' dir='ltr'><strong>usar</strong></span> <span class='ocrx_word' id='word_1_295' title='bbox 613 3961 642 4010; x_wconf 88' lang='lat' dir='ltr'><strong>da</strong></span> <span class='ocrx_word' id='word_1_296' title='bbox 659 3959 786 4012; x_wconf 85' lang='lat' dir='ltr'><strong>Romeiuan</strong></span> <span class='ocrx_word' id='word_1_297' title='bbox 800 3973 843 4010; x_wconf 83' lang='lat' dir='ltr'><strong>een</strong></span> <span class='ocrx_word' id='word_1_298' title='bbox 861 3958 977 4022; x_wconf 72' lang='lat' dir='ltr'><strong>algamean</strong></span> <span class='ocrx_word' id='word_1_299' title='bbox 993 3959 1093 4021; x_wconf 75' lang='lat' dir='ltr'><strong>ovomigt</strong></span> <span class='ocrx_word' id='word_1_300' title='bbox 1109 3971 1152 4007; x_wconf 84' lang='lat' dir='ltr'><strong>uun</strong></span> <span class='ocrx_word' id='word_1_301' title='bbox 1166 3957 1197 4008; x_wconf 84' lang='lat' dir='ltr'><strong>de</strong></span> 
     </span>
     <span class='ocr_line' id='line_1_36' title="bbox 224 4047 1198 4115; baseline -0.002 -15"><span class='ocrx_word' id='word_1_302' title='bbox 224 4051 272 4102; x_wconf 85' lang='lat' dir='ltr'><strong>laar</strong></span> <span class='ocrx_word' id='word_1_303' title='bbox 289 4051 332 4102; x_wconf 84' lang='lat' dir='ltr'><strong>dar</strong></span> <span class='ocrx_word' id='word_1_304' title='bbox 352 4049 419 4115; x_wconf 82' lang='lat' dir='ltr'><strong>culpa</strong></span> <span class='ocrx_word' id='word_1_305' title='bbox 434 4064 514 4113; x_wconf 78' lang='lat' dir='ltr'><strong>geren.</strong></span> <span class='ocrx_word' id='word_1_306' title='bbox 531 4049 606 4100; x_wconf 86' lang='lat' dir='ltr'><strong>wurdt</strong></span> <span class='ocrx_word' id='word_1_307' title='bbox 624 4049 674 4099; x_wconf 86' lang='lat' dir='ltr'><strong>hier</strong></span> <span class='ocrx_word' id='word_1_308' title='bbox 690 4049 762 4099; x_wconf 84' lang='lat' dir='ltr'><strong>alleen</strong></span> <span class='ocrx_word' id='word_1_309' title='bbox 778 4063 819 4099; x_wconf 85' lang='lat' dir='ltr'><strong>rau</strong></span> <span class='ocrx_word' id='word_1_310' title='bbox 837 4048 867 4099; x_wconf 89' lang='lat' dir='ltr'><strong>do</strong></span> <span class='ocrx_word' id='word_1_311' title='bbox 880 4047 1073 4111; x_wconf 72' lang='lat' dir='ltr'><strong>oudersahoidiug</strong></span> <span class='ocrx_word' id='word_1_312' title='bbox 1089 4048 1113 4097; x_wconf 88' lang='lat' dir='ltr'><strong>in</strong></span> <span class='ocrx_word' id='word_1_313' title='bbox 1132 4047 1198 4098; x_wconf 86' lang='lat' dir='ltr'><strong>dolus</strong></span> 
     </span>
     <span class='ocr_line' id='line_1_37' title="bbox 223 4136 1197 4208; baseline -0.004 -16"><span class='ocrx_word' id='word_1_314' title='bbox 223 4153 252 4192; x_wconf 84' lang='lat' dir='ltr'><strong>aa</strong></span> <span class='ocrx_word' id='word_1_315' title='bbox 275 4140 341 4205; x_wconf 80' lang='lat' dir='ltr'><strong>eulpa</strong></span> <span class='ocrx_word' id='word_1_316' title='bbox 365 4139 463 4208; x_wconf 74' lang='lat' dir='ltr'><strong>(rondes</strong></span> <span class='ocrx_word' id='word_1_317' title='bbox 486 4139 584 4190; x_wconf 86' lang='lat' dir='ltr'><strong>uersehil</strong></span> <span class='ocrx_word' id='word_1_318' title='bbox 609 4154 652 4189; x_wconf 87' lang='lat' dir='ltr'><strong>van</strong></span> <span class='ocrx_word' id='word_1_319' title='bbox 677 4139 718 4188; x_wconf 87' lang='lat' dir='ltr'><strong>dil.</strong></span> <span class='ocrx_word' id='word_1_320' title='bbox 733 4139 777 4190; x_wconf 89' lang='lat' dir='ltr'><strong>dil.</strong></span> <span class='ocrx_word' id='word_1_321' title='bbox 792 4153 822 4190; x_wconf 86' lang='lat' dir='ltr'><strong>en</strong></span> <span class='ocrx_word' id='word_1_322' title='bbox 839 4136 882 4188; x_wconf 88' lang='lat' dir='ltr'><strong>dil.</strong></span> <span class='ocrx_word' id='word_1_323' title='bbox 896 4155 921 4204; x_wconf 86' lang='lat' dir='ltr'><strong>q.</strong></span> <span class='ocrx_word' id='word_1_324' title='bbox 936 4136 968 4204; x_wconf 90' lang='lat' dir='ltr'><strong>s.)</strong></span> <span class='ocrx_word' id='word_1_325' title='bbox 989 4153 1067 4204; x_wconf 76' lang='lat' dir='ltr'><strong>gowag</strong></span> <span class='ocrx_word' id='word_1_326' title='bbox 1079 4139 1197 4203; x_wconf 67' lang='lat' dir='ltr'><strong>gunsalu</strong></span> 
     </span>
     <span class='ocr_line' id='line_1_38' title="bbox 227 4229 1008 4294; baseline -0.005 -12"><span class='ocrx_word' id='word_1_327' title='bbox 227 4244 256 4282; x_wconf 83' lang='lat' dir='ltr'><strong>an</strong></span> <span class='ocrx_word' id='word_1_328' title='bbox 273 4230 303 4282; x_wconf 86' lang='lat' dir='ltr'><strong>de</strong></span> <span class='ocrx_word' id='word_1_329' title='bbox 317 4230 379 4294; x_wconf 74' lang='lat' dir='ltr'><strong>regal</strong></span> <span class='ocrx_word' id='word_1_330' title='bbox 395 4245 439 4281; x_wconf 83' lang='lat' dir='ltr'><strong>ran</strong></span> <span class='ocrx_word' id='word_1_331' title='bbox 453 4229 494 4280; x_wconf 86' lang='lat' dir='ltr'><strong>bet</strong></span> <span class='ocrx_word' id='word_1_332' title='bbox 510 4229 591 4293; x_wconf 82' lang='lat' dir='ltr'><strong>belong</strong></span> <span class='ocrx_word' id='word_1_333' title='bbox 605 4244 647 4280; x_wconf 93' lang='lat' dir='ltr'><strong>zoo</strong></span> <span class='ocrx_word' id='word_1_334' title='bbox 663 4236 741 4292; x_wconf 80' lang='lat' dir='ltr'><strong>strong</strong></span> <span class='ocrx_word' id='word_1_335' title='bbox 759 4229 868 4293; x_wconf 78' lang='lat' dir='ltr'><strong>mogelljl</strong></span> <span class='ocrx_word' id='word_1_336' title='bbox 882 4235 1008 4294; x_wconf 78' lang='lat' dir='ltr'><strong>toagepast.</strong></span> 
     </span>
     <span class='ocr_line' id='line_1_39' title="bbox 261 4313 581 4378; baseline -0.006 -6"><span class='ocrx_word' id='word_1_337' title='bbox 261 4313 413 4378; x_wconf 65' lang='lat' dir='ltr'><strong>&#39;muratus</strong></span> <span class='ocrx_word' id='word_1_338' title='bbox 429 4321 445 4372; x_wconf 91' lang='lat' dir='ltr'><strong>l.</strong></span> <span class='ocrx_word' id='word_1_339' title='bbox 461 4336 483 4370; x_wconf 84' lang='lat' dir='ltr'><strong>a.</strong></span> <span class='ocrx_word' id='word_1_340' title='bbox 500 4335 525 4370; x_wconf 88' lang='lat' dir='ltr'><strong>a.</strong></span> <span class='ocrx_word' id='word_1_341' title='bbox 541 4318 581 4371; x_wconf 77' lang='lat' dir='ltr'><strong>il.</strong></span> 
     </span>
    </p>
   </div>
   <div class='ocr_carea' id='block_1_7' title="bbox 0 0 1449 5042">
    <p class='ocr_par' dir='ltr' id='par_1_7' title="bbox 0 0 1449 5042">
     <span class='ocr_line' id='line_1_40' title="bbox 0 0 1449 5042; baseline 0 0"><span class='ocrx_word' id='word_1_342' title='bbox 0 0 1449 5042; x_wconf 95' lang='lat' dir='ltr'><strong> </strong></span> 
     </span>
    </p>
   </div>
  </div>
 </body>
</html>
