2854 5042
656 600 714 659 127

236 765 305 838 Nog
321 755 499 838 duidelijker
520 757 663 838 eprehen:

235 868 271 930 L.
294 869 334 928 10
350 865 387 926 D.
409 863 448 926 ‹le
462 862 549 926 Adm.
571 868 602 928 et
622 863 751 928 nnus.
775 862 872 943 (26.7)

234 969 430 1049 Generaliter,
451 968 683 1047 quotiescunque
703 985 763 1030 non
784 967 818 1030 fit
831 971 949 1032 nomine
965 972 1081 1052 pupilli,
1092 973 1172 1050 quod

193 1077 293 1155 quiuis
323 1073 539 1153 paterfamilias
570 1072 694 1134 idoneus
714 1071 795 1152 feeit,
816 1089 874 1134 non
895 1073 1013 1136 videtur
1033 1074 1172 1160 delendi;

194 1182 259 1247 siue
280 1180 372 1256 igitur
392 1177 578 1256 solutionem,
598 1176 663 1240 eive
679 1173 836 1256 jiulieium,
864 1177 929 1238 sive
949 1179 1171 1257 stipulationem

193 1283 349 1362 dementat,
369 1278 489 1342 defendi
515 1296 574 1341 non
595 1278 725 1342 videtur.

236 1383 542 1463 hfflmflm

235 1489 425 1552 Atntoribus
445 1491 477 1550 ot
497 1485 681 1548 euretoribne
702 1486 881 1568 pupillorum
903 1488 1007 1552 oedem
1017 1489 1174 1570 diligentie

194 1593 342 1672 exigenda
373 1596 419 1654 est
443 1591 522 1654 enne
553 1589 839 1654 administrationem
856 1609 953 1654 rerum
971 1595 1173 1677 popinonum,

196 1717 285 1778 quem
316 1693 531 1775 paterfamilias
568 1693 657 1756 rebus
683 1693 746 1756 suis
778 1713 817 1758 ex
844 1695 921 1758 bona
945 1695 1004 1760 tide
1031 1699 1173 1778 praebere

198 1803 296 1868 debet.
1143 1865 1146 1872 .

237 1908 304 1972 'lon
318 1903 408 1970 ,einis
430 1901 468 1964 de
487 1901 651 1964 entinomie
672 1919 709 1980 op
730 1902 879 1984 telossen,
900 1901 1175 1987 uelkesehljnbsnn

195 2010 336 2079 tnesohen
368 2007 441 2070 deno
463 2007 601 2084 plaetsen
628 2024 666 2066 en
697 2006 717 2064 l.
752 2009 834 2084 lpr.
856 2007 893 2066 D.
915 2009 952 2070 de
974 2010 1046 2072 Tut.
1075 2009 1173 2092 (27.3)

196 2117 323 2188 bestsot,
355 2116 406 2174 vat
423 2111 533 2172 Hsssn
551 2109 589 2170 (le
606 2110 672 2170 hier
688 2110 844 2186 gebmikte
865 2112 1098 2190 uittlrukkingen
1116 2135 1176 2181 ven

196 2220 235 2284 de
252 2219 341 2296 eulpa
357 2217 421 2278 lota
434 2233 481 2293 op,
501 2213 609 2276 zoodat
625 2217 663 2292 nij
676 2213 868 2293 beteeksnen,
888 2215 941 2276 det
951 2216 989 2278 de
1000 2219 1096 2295 voogd
1107 2220 1174 2284 zioh

197 2325 260 2388 niet
290 2325 351 2384 met
382 2319 420 2380 de
447 2318 606 2396 benering,
628 2317 680 2380 dat
701 2317 740 2396 hij
757 2318 789 2378 in
806 2318 893 2393 sigen
913 2318 1010 2380 zaken
1027 2339 1175 2386 eveneens

196 2425 329 2504 nonunt,
360 2421 639 2497 verontsehuldigen
667 2422 737 2501 ken,
758 2423 805 2484 ele
826 2425 903 2501 uijne
924 2422 1086 2503 hendeling
1100 2445 1173 2492 eeno

197 2532 285 2609 oulpe
304 2530 368 2590 latu
393 2526 546 2590 danrstelt.
590 2524 696 2602 ,Quot
719 2543 778 2586 non
793 2525 836 2606 fit,
857 2526 936 2606 quod
954 2528 1099 2608 pnioispf.
1111 2530 1172 2597 ido-

197 2652 268 2694 neus
294 2631 395 2711 ieeit''
417 2629 610 2692 ishetzelfde
635 2630 681 2690 els
705 2629 802 2706 ,quod
823 2647 919 2691 munes
934 2631 1080 2714 .ieoiunt,''
1100 2635 1175 2700 daur

196 2738 315 2800 nonen
332 2737 395 2797 niet
415 2735 454 2795 de
464 2751 572 2810 engere
589 2732 763 2796 beteekenis
772 2751 832 2796 ven
845 2733 971 2812 diligens
980 2735 1071 2816 heeft,
1091 2755 1175 2800 maer

196 2860 270 2904 eene
301 2840 447 2902 minnere:
478 2838 561 2900 ieder
591 2836 721 2917 mensch,
753 2837 802 2900 die
820 2841 880 2916 zijn
900 2839 1015 2914 gezond
1032 2841 1174 2904 verstnnd

195 2944 287 3008 heeft.
326 2944 485 3006 Eveneene
516 2942 543 3004 is
573 2958 628 3017 ,en
655 2939 748 3021 dilig,
770 2958 859 3018 qnam
879 2940 921 3020 pf.
942 2942 1030 3004 rebus
1051 2946 1115 3008 suis
1136 2964 1174 3008 ex

195 3047 275 3109 bone
298 3045 356 3107 fide
387 3064 431 3124 pr.
456 3042 504 3106 d.’'
534 3043 572 3106 de
598 3043 756 3122 diligentie
773 3043 916 3125 omnium3
938 3051 1017 3107 eerst
1036 3065 1175 3111 wunneen

196 3168 265 3214 men
288 3150 363 3213 dene
389 3147 543 3228 gernuimt,
574 3147 636 3208 ken
663 3165 731 3208 men
759 3165 874 3226 zeggen
900 3147 953 3213 det
980 3168 1048 3210 men
1069 3152 1125 3214 ook
1142 3153 1174 3214 in

197 3255 285 3330 eigen
313 3251 410 3316 nnken
440 3254 543 3314 couno
573 3250 681 3314 bonnm
702 3249 792 3312 fidem
812 3250 944 3333 hendelt,
965 3253 1085 3318 betoont
1106 3274 1174 3324 men

197 3357 247 3421 die
275 3355 397 3436 eleehts,
428 3354 488 3418 dnn
511 3354 572 3416 lmn
592 3372 660 3414 men
679 3354 835 3430 negligens
856 3357 916 3433 nijn
931 3361 1071 3437 geweest,
1091 3376 1175 3426 mear

197 3461 237 3528 de
262 3460 357 3538 goede
388 3461 482 3520 trouw
512 3457 590 3537 blijft
607 3457 842 3534 ongesehonden.
882 3458 949 3522 Hos
966 3461 1177 3541 seherpumnig

198 3564 273 3628 deno
290 3562 458 3638 uitlegging
473 3561 531 3624 ook
549 3580 651 3624 wezon
672 3579 767 3642 mogo,
787 3561 890 3638 geloof
906 3562 939 3624 ik
961 3565 1062 3628 eehter
1072 3565 1124 3630 dat
1135 3573 1172 3646 eij

197 3667 262 3730 niet
278 3666 384 3742 geheel
404 3665 530 3728 veldoen
562 3665 632 3728 ken.
674 3666 797 3726 Immers
815 3666 872 3726 wie
894 3667 942 3726 nal
959 3669 1020 3729 ooit
1036 3687 1096 3730 ven
1116 3688 1172 3734 eon

198 3771 328 3850 monson,
349 3770 399 3832 die
415 3767 482 3832 nith
503 3770 535 3830 in
556 3772 634 3848 zijne
652 3767 854 3843 ‘hendelingen
873 3769 1048 3848 bepaalttot
1063 3771 1100 3832 de
1111 3776 1171 3834 toe-

198 3875 322 3953 pnssing
349 3891 408 3934 vnn
429 3872 470 3953 id,
490 3873 569 3949 quod
600 3891 701 3934 omnes
722 3873 902 3952 intelligunt,
922 3873 960 3936 do
981 3874 1175 3954 uitnukkmg

200 3976 432 4056 „paterfamilias
452 3975 590 4035 idonnts’'
611 3974 762 4050 bouigen?
794 3976 854 4036 Het
885 3976 911 4035 is
943 3995 1024 4038 wear
1055 3977 1107 4042 det
1128 3979 1173 4042 dit

198 4081 297 4141 woord
324 4080 438 4156 welligt
465 4097 520 4142 een
542 4078 651 4155 weinig
677 4078 1172 4165 minde1·sterkis‹lendilipnos;

198 4183 251 4245 het
272 4184 297 4244 is
319 4201 400 4242 waer
421 4181 473 4242 dat
494 4185 525 4241 in
543 4181 579 4243 de
601 4183 662 4244 leer
683 4181 736 4242 der
753 4183 1021 4264 voogdijsehnppen
1041 4186 1171 4252 ¹denit-

280 4325 510 4342 Μ

238 4418 246 4443 ¹
270 4410 341 4461 llnssn
361 4411 423 4462 lieelt
441 4410 522 4473 hierli]
541 4423 583 4459 nnn
603 4409 620 4474 S
641 4409 682 4467 5,6
699 4410 718 4458 l.
735 4409 763 4458 de
781 4408 835 4459 Cur.
854 4370 952 4477 (123).
