2854 5042
738 543 796 606 124

267 703 305 765 de
322 704 385 784 doe,
406 704 533 766 societas
554 720 619 766 eun.
641 721 679 766 en
700 705 738 766 de
759 705 879 781 overige
897 707 1067 766 contreeten
1085 703 1246 785 moeijelijb

267 805 394 868 denken.
435 809 504 886 Nog
531 808 647 870 stenker
673 809 767 870 uenit
797 807 871 871 dene
895 807 1245 889 onwaareehijnlijkheid‚

266 929 405 978 wanneer
425 930 493 973 men
511 911 548 974 de
566 911 857 992 aaneprakelijkheid
868 931 939 973 voor
947 912 1106 989 diligentia
1116 930 1145 992 q.
1157 931 1181 972 e.
1196 913 1245 972 als

266 1014 319 1076 het
332 1016 464 1095 niterete,
484 1034 544 1076 nan
565 1017 622 1077 den
644 1034 731 1078 casus
752 1017 921 1092 grenzende
942 1016 1027 1079 vindt
1048 1013 1244 1094 veergeeteld,

133 1171 136 1175 .
267 1118 367 1178 zooale
381 1117 536 1194 geeehiedt
556 1119 604 1180 in:

306 1220 823 1302 nmwnmmmw

306 1324 433 1396 Damna,
452 1342 529 1401 quae
551 1323 786 1404 imprudentibus
805 1323 952 1404 accidunt,
972 1325 1003 1384 h.
1025 1341 1052 1386 e.
1073 1322 1182 1384 danum
1198 1323 1244 1384 fa·

267 1428 351 1509 tulin,
371 1427 445 1490 eoeii
461 1445 520 1489 non
531 1431 673 1505 cogentur
689 1431 858 1506 praestare:
878 1427 1070 1504 ideoque
1091 1443 1245 1488 commune

265 1531 405 1594 damnum
437 1536 491 1612 est,
512 1531 539 1593 si
567 1529 643 1593 nihil
663 1530 730 1592 dolo
751 1536 804 1594 aut
825 1532 913 1610 eulpa
930 1529 1079 1594 acciderit.

305 1634 503 1715 Benwaarlijk
524 1653 580 1696 neu
602 1635 846 1700 Unrrrrrnsuan
864 1633 1243 1698 deneommodatarienter·

265 1740 319 1802 ker
340 1739 574 1815 nitdrukkingen
594 1738 711 1800 hebben
728 1739 849 1800 kunneu
869 1738 1043 1816 gebmilren.

305 1841 364 1921 Wij
381 1844 441 1920 nijn
458 1841 548 1903 thane
569 1839 831 1916 eebtergenuderd
848 1845 893 1902 tot
902 1841 951 1902 die
961 1841 1108 1920 plantsen,
1129 1841 1243 1902 waurin

266 1943 304 2005 de
325 1941 617 2023 aunsprukelijkheid
627 1959 698 2004 vuer
715 1941 872 2020 diligentia
883 1961 912 2020 q.
925 1961 951 2004 s.
962 1942 1244 2021 duidelijkerwordt

266 2047 468 2126 mecheren,
488 2051 508 2110 t
529 2064 564 2108 w.

306 2150 342 2211 L.
363 2153 400 2214 72
422 2150 459 2212 D.
480 2169 534 2230 pro
555 2149 621 2213 Soc.
643 2149 740 2232 (17.2)

305 2256 410 2319 Soeiue
431 2257 512 2320 seeio
533 2255 624 2320 etium
648 2256 754 2336 eulpae
786 2256 904 2317 nomine
920 2259 1053 2334 tenetur,
1074 2255 1094 2315 i.
1116 2272 1142 2316 e.
1162 2254 1241 2316 deei-

267 2361 336 2422 diue
356 2364 446 2437 atque
463 2359 674 2436 negligentiae.
715 2359 811 2437 Culpa
833 2363 931 2420 autem
951 2377 1011 2420 non
1032 2357 1070 2420 nd
1088 2357 1243 2420 exactissi-

264 2481 343 2524 mam
360 2463 546 2540 diligentiam
567 2462 722 2540 dirigenda
743 2466 804 2542 eet3
826 2461 936 2524 suffieit
956 2463 1065 2525 etenim
1086 2463 1176 2524 talem
1194 2459 1241 2522 di·

264 2565 419 2642 ligentiam
439 2564 641 2626 communibus
658 2561 746 2626 rebus
768 2563 918 2644 adhibere,
939 2565 1058 2644 qualem
1079 2563 1141 2626 suis
1150 2561 1241 2625 rebus

263 2667 406 2732 adhibere
426 2671 511 2732 solet.
636 2699 638 2702 ·

302 2771 339 2833 L.
361 2772 400 2834 25
421 2772 442 2852 ξ
465 2775 504 2834 16
524 2772 561 2834 D.
583 2773 668 2834 Fam.
688 2775 755 2835 ltro.
775 2772 874 2855 (10.2)

303 2876 372 2938 Non
392 2880 507 2938 tentum
525 2876 634 2957 dolum,
644 2877 698 2939 red
708 2881 739 2940 et
749 2877 867 2956 eulpam
880 2876 1145 2940 inrehereditarie
1153 2895 1238 2958 prae·

264 2984 344 3040 sture
364 2978 453 3040 debet
463 2980 600 3042 coheres:
610 3023 618 3042 .
630 3022 638 3040 .
650 3023 679 3041 ..
700 2985 870 3042 nontamen
883 2980 1069 3058 diligentiam
1085 2985 1239 3061 praestare

262 3081 360 3161 debet,
392 3081 510 3158 qualem
530 3081 659 3159 diligens
679 3082 895 3162 paterfamiliae
905 3125 1015 3146 ......
1056 3084 1164 3145 'Palem
1181 3082 1237 3160 igi·

262 3191 312 3248 tur
331 3186 517 3262 diligentiam
538 3190 691 3265 praestare
708 3185 806 3266 debet,
826 3187 945 3265 qualem
961 3187 994 3248 in
1014 3186 1077 3248 suis
1097 3185 1196 3248 rebus.

302 3290 372 3367 Vgl.
393 3290 413 3368 ξ
437 3290 494 3351 91.
515 3289 553 3350 de
571 3287 637 3351 See.
659 3287 766 3370 (325),
787 3291 808 3350 l.
831 3292 925 3369 18pr.
944 3289 983 3351 D.
1002 3289 1114 3350 Oemm.
1126 3288 1234 3369 (13.6).

301 3393 387 3455 Even
407 3394 453 3454 als
464 3394 502 3474 bij
515 3392 553 3454 de
564 3392 661 3474 emtio,
672 3393 780 3455 locatio
790 3411 866 3474 enn,
876 3395 947 3456 stelt
956 3411 1025 3456 men
1035 3410 1073 3474 op
1082 3392 1142 3454 den
1152 3409 1235 3454 voer-

262 3495 365 3576 grund‚
385 3494 438 3558 nrt
458 3494 510 3556 het
527 3501 659 3558 eontrnet
676 3496 761 3558 dolus
778 3514 816 3558 en
833 3497 922 3576 culpe
932 3499 1078 3577 opneemt,
1098 3513 1135 3558 en
1146 3501 1237 3571 voegt

260 3617 294 3660 er
313 3597 383 3678 dun,
403 3615 542 3660 wunneer
558 3596 610 3660 bet
627 3616 665 3678 op
682 3596 720 3659 de
737 3597 1238 3679 aestimetiodiereulpuaankomt

258 3700 297 3764 de
314 3700 478 3781 beperking
495 3718 553 3762 ean
564 3704 622 3780 tue,
641 3699 694 3762 dut
705 3704 742 3780 nij
757 3699 820 3762 niet
830 3701 868 3760 ad
879 3700 1098 3762 exactissimam
1109 3698 1235 3777 diligen-

259 3805 333 3866 tiam
363 3809 443 3866 meet
473 3801 639 3880 uitgebreid
671 3801 800 3874 worden,
819 3820 903 3863 mear
922 3801 976 3865 dut
996 3801 1048 3864 het
1064 3820 1180 3880 genoeg
1200 3801 1236 3882 is,

257 3925 324 3969 eam
354 3907 540 3984 diligentiam
566 3911 720 3987 praestare
750 3924 839 3984 quum
871 3906 944 3970 euie.
976 3906 1042 3968 Hoe
1072 3903 1235 3984 onlngiseh,

258 4027 396 4073 wanneer
422 4011 562 4073 tusseben
589 4010 639 4072 die
669 4010 756 4072 beide
787 4027 843 4072 een
860 4027 915 4072 noo
935 4007 1148 4090 aunmerkelijk
1168 4023 1234 4070 uer·

260 4113 336 4176 nehil
356 4115 387 4175 in
407 4132 509 4176 wezen
529 4133 567 4176 en
583 4113 689 4194 begrip
706 4115 833 4194 beutaat,
860 4115 906 4176 als
927 4131 983 4177 een
1003 4111 1110 4190 gebeni
1130 4111 1235 4174 ender-

258 4215 400 4280 sebeiden
413 4217 559 4280 muntetnf
570 4217 766 4295 noedwendig
785 4221 864 4280 meet
885 4218 1063 4297 opleverent

297 4323 333 4384 In
355 4320 464 4385 andere
482 4327 591 4386 wetten
612 4321 706 4388 werdt
723 4321 856 4386 denelsde
870 4318 1234 4403 verpligtinguitgedrukt
