2858 5040
690 598 728 656 79

258 755 279 834 ξ
304 755 366 816 91.
386 753 424 816 de
441 752 507 816 Soa.
530 753 637 834 (3.25):
659 756 680 814 l.
704 759 741 816 72
764 755 801 816 D.
823 773 877 835 pro
899 757 965 820 See.
986 757 1083 840 (17.2)

257 857 433 920 Praevaluit
452 858 544 920 etiam
564 859 670 936 eulpae
687 859 805 921 nomine
816 861 912 922 teneri
928 862 1077 942 (soeium).
1098 863 1195 945 Oulpa

218 966 319 1026 antem
346 978 406 1022 non
432 961 472 1024 ad
499 961 718 1024 exactissimam
750 962 937 1040 diligentiam
956 965 1112 1043 dirigenda
1129 973 1194 1032 est:

216 1066 326 1128 suffieit
334 1064 413 1128 enim
423 1065 514 1126 talem
534 1065 721 1141 diligentiam
735 1065 979 1130 incommunibus
1000 1071 1089 1134 rebus
1110 1071 1194 1134 adhi-

217 1173 287 1236 bere
305 1171 426 1251 sosium,
454 1171 573 1248 qualem
588 1171 653 1233 suis
670 1171 758 1233 rebus
779 1172 922 1234 adhibere
939 1175 1025 1236 solet.

257 1275 305 1336 De
332 1274 544 1351 tegenstelling
569 1278 631 1336 met
657 1273 695 1335 de
727 1274 902 1352 beperktere
930 1275 982 1338 dil.
1004 1294 1033 1354 q.
1055 1295 1079 1338 s.
1100 1279 1196 1340 levert

217 1378 284 1442 hier
300 1377 486 1441 voldoenden
505 1377 600 1454 grand
613 1395 661 1458 op,
673 1395 720 1437 om
737 1377 775 1438 de
789 1377 946 1454 diligentia
962 1379 1117 1456 diligentis
1138 1399 1196 1443 aaa

217 1487 250 1549 te
266 1486 373 1562 wijzen
393 1483 440 1542 als
460 1479 513 1543 het
532 1479 650 1542 uitaste
670 1481 921 1557 vangevorderde
942 1483 1196 1561 aorgvnldigheid.

219 1587 377 1649 Ilveneens
397 1585 449 1646 in:

259 1689 297 1751 L.
319 1693 336 1749 1
358 1689 379 1766 ἕ
400 1691 421 1750 4
440 1687 478 1750 D.
499 1687 538 1748 de
557 1684 593 1748 0.
615 1691 646 1749 et
665 1687 704 1748 A.
727 1687 825 1768 (44.7)

259 1795 292 1854 Is
310 1810 391 1873 vero,
411 1792 463 1868 qui
483 1790 625 1854 utendum
650 1791 774 1871 sensuit,
886 1793 1107 1858 exaetissimsm
1127 1796 1195 1862 dili·

218 1899 352 1977 gentiam
371 1895 582 1960 eustodiendae
602 1896 646 1958 rei
667 1900 820 1976 praestare
840 1898 1034 1980 eompellitur,
1055 1918 1111 1964 nee
1135 1902 1195 1964 suf·

217 2000 281 2065 teis
310 2001 340 2066 ei
363 1999 490 2064 eandem
521 1999 708 2076 diligentiam
739 1999 890 2080 adhibere,
911 2019 1001 2078 quam
1019 2005 1083 2066 suis
1103 2007 1193 2069 rebus

216 2102 351 2182 adhibet,
371 2102 398 2164 si
419 2103 496 2165 alius
516 2101 687 2176 diligentior
717 2101 864 2164 emtodire
884 2105 1002 2180 poterit.

259 2205 326 2270 Ook
345 2205 419 2286 hier,
440 2225 478 2268 en
497 2223 535 2284 op
556 2207 622 2268 vela
644 2205 753 2266 andere
774 2205 920 2284 plnatsen,
940 2207 1036 2269 levent
1047 2208 1194 2274 dienelfde

133 2299 135 2302 ⁵
218 2310 431 2387 tegenstelling
460 2307 645 2369 voldoenden
675 2307 770 2384 grand
791 2325 837 2387 op,
858 2325 905 2368 om
927 2307 964 2369 de
981 2327 1103 2384 gerrone
1124 2330 1196 2390 zorg

218 2431 279 2474 van
298 2430 354 2474 een
375 2410 451 2488 gued
474 2409 635 2472 huisrader
654 2411 700 2472 als
721 2410 773 2472 het
797 2410 930 2490 uberate,
950 2411 1003 2472 dat
1029 2413 1194 2488 gevorderd

218 2515 281 2580 ken
301 2514 429 2594 worden,
449 2514 521 2576 door
541 2531 597 2574 een
618 2513 820 2592 superlativus
840 2513 885 2574 uit
904 2513 1090 2578 tedrukken
1109 2516 1195 2581 Maar

218 2637 301 2680 saar
332 2617 402 2678 aulk
420 2634 493 2680 eene
521 2615 732 2692 tegenstelling
752 2615 916 2694 ontbreelrt,
937 2633 975 2682 sn
992 2619 1094 2680 vooral
1114 2637 1195 2681 wan·

219 2721 342 2786 morde
357 2721 450 2800 jurist
470 2720 502 2782 in
523 2720 611 2794 eenig
631 2722 767 2780 eonoreet
787 2719 876 2794 geval
896 2718 1010 2798 beabat,
1031 2721 1111 2782 welk
1120 2739 1194 2784 eene

219 2831 299 2892 mata
326 2845 387 2889 van
418 2821 663 2901 aorgvuldigheid
684 2822 749 2884 bier
769 2827 848 2884 moet
865 2823 1047 2898 aangewend
1066 2825 1195 2907 worden,

220 2950 278 2996 sou
297 2930 371 2994 daar
391 2929 454 2994 niet
471 2928 601 3008 dilwijls
613 2928 666 2990 het
685 2926 861 3006 denkbeeld
882 2927 935 2988 dat
955 2926 993 2988 de
1013 2927 1193 3005 ametandig·

219 3035 318 3102 neuen
336 3033 403 3098 hier
419 3032 553 3099 meerder
571 3029 782 3108 gesuengneid
796 3029 950 3110 vorderem
970 3031 1195 3109 onuillekeurig

217 3137 393 3213 aameiding
426 3153 562 3212 gegeven
589 3134 707 3199 hebben
735 3137 780 3199 tot
810 3133 863 3196 het
888 3133 1015 3210 gebrnik
1046 3153 1106 3198 van
1135 3135 1194 3198 den

220 3240 440 3322 superlativus?
482 3238 559 3300 Zulk
579 3255 635 3299 een
651 3238 741 3313 gerat
761 3237 872 3302 maden
892 3241 940 3317 wij
962 3238 1013 3302 in:

261 3345 298 3408 L.
320 3344 398 3423 25ss
422 3347 446 3408 7.
461 3343 498 3404 D.
516 3342 589 3404 Loe.
607 3339 705 3422 (19.2)

259 3447 323 3522 dui
353 3448 519 3514 eolumuam
549 3445 807 3526 transportandam
838 3445 989 3526 eonduxit‚
1019 3446 1046 3509 si
1066 3465 1104 3508 ea
1124 3445 1195 3510 dum

221 3553 345 3632 tollitm,
371 3556 424 3614 aut
454 3554 596 3630 portatur,
623 3554 676 3611 aut
703 3550 864 3630 reponitur,
894 3550 989 3614 fracta
1022 3551 1073 3632 sit,
1098 3553 1142 3614 ita
1163 3552 1194 3614 id

220 3656 384 3735 perieulum
400 3659 543 3734 praestat,
564 3654 590 3714 si
600 3670 661 3730 qua
670 3653 765 3731 ipsius
783 3671 951 3733 eorumque,
971 3672 1094 3730 quorum
1105 3673 1195 3733 opera

220 3762 362 3838 uteretur,
388 3759 476 3836 eulpa
497 3756 653 3819 aoeiderit:
680 3757 769 3835 eulpa
800 3762 900 3820 autem
930 3743 1028 3837 abest,
1049 3759 1076 3818 si
1095 3759 1195 3819 omnia

221 3861 301 3924 faeta
331 3865 410 3940 sunt,
439 3878 516 3937 quae
554 3859 800 3938 diligentissimus
830 3860 958 3938 quisque
988 3860 1196 3925 observaturus

219 3963 335 4026 fuisset.
375 3963 460 4025 Idem
481 3963 595 4026 scilieet
614 3963 815 4040 intelligemus
835 3967 866 4025 et
883 3963 910 4024 si
921 3963 1001 4025 dolia
1014 3964 1063 4025 vel
1080 3951 1196 4042 tignum

221 4067 482 4149 transportandum
502 4054 615 4144 aliquis
632 4065 814 4128 conduxerit.

262 4171 337 4232 Hier
367 4170 394 4235 is
424 4187 517 4247 geene
542 4169 752 4246 tegenstelling
772 4169 892 4237 emhet
911 4168 1037 4245 gebruik
1057 4187 1117 4236 van
1137 4171 1196 4236 den

221 4276 422 4356 superlativus
441 4280 473 4337 te
490 4273 739 4353 regtvaardigen3
760 4289 799 4334 en
819 4272 940 4334 daarom
967 4271 1069 4350 geloof
1081 4273 1122 4354 il,
1143 4274 1196 4336 dat

221 4379 260 4442 ds
280 4378 375 4456 grond
397 4378 522 4442 hiervan
543 4377 640 4440 alleen
664 4379 695 4439 te
716 4374 829 4438 aoeken
850 4375 876 4436 is
897 4375 929 4437 in
949 4374 1001 4438 het
1021 4375 1109 4451 gernl
1130 4373 1196 4456 zeli,
