2858 5040
683 601 721 656 27

207 759 311 821 habita
337 760 451 819 ratione
483 759 632 836 temperis,
665 759 781 836 aetatis,
811 776 909 837 sexus,
941 760 1179 821 valetudinis...
1261 743 1264 748 ¹

209 863 285 924 Item
318 861 369 937 qui
387 861 516 920 insulam
533 860 597 921 fieri
618 860 816 939 spoponderit,
838 879 897 921 non
914 863 1017 938 utique
1038 865 1184 940 conquisi-

208 965 248 1026 tis
265 964 396 1041 undique
425 963 517 1022 fabris
534 967 564 1023 et
585 962 719 1040 pluribus
748 964 846 1041 operis
871 964 1022 1044 adhibitis,
1043 966 1185 1027 festinare

210 1068 312 1130 debet:
333 1086 388 1128 nee
409 1085 511 1127 mrons
532 1085 590 1127 une
609 1072 660 1126 aut
678 1067 771 1126 altero
793 1072 947 1128 contentus
960 1087 1038 1148 esee,
1061 1070 1184 1131 oodmo-

210 1173 266 1233 dno
288 1171 474 1232 adhibendus
497 1176 542 1231 eet
564 1171 724 1232 seeundum
745 1169 890 1230 rationem
910 1170 1063 1247 diligentis
1084 1173 1184 1234 aedifi-

213 1280 320 1340 oeteris
338 1282 368 1338 et
385 1282 549 1354 temporum
570 1278 767 1350 looornmque.

249 1384 285 1442 In
306 1382 517 1457 tegenotelling
538 1399 596 1439 ven
617 1382 653 1440 de
675 1382 769 1442 bonae
787 1382 856 1443 fidei
878 1385 1074 1460 obligationes
1097 1387 1123 1445 ia
1144 1386 1181 1446 de

209 1487 390 1566 verpligting
411 1504 470 1544 van
486 1485 546 1545 den
566 1484 701 1545 debitour
722 1487 753 1545 in
776 1487 812 1546 de
835 1489 929 1548 striati
940 1489 1087 1565 jurisobl.
1100 1489 1185 1550 reede

211 1593 243 1651 in
271 1592 309 1650 de
330 1589 465 1650 weerden
487 1606 689 1666 anogogeven,
711 1608 748 1649 en
765 1589 825 1649 kan
847 1608 880 1649 er
901 1590 956 1649 dno
978 1593 1075 1651 alleen
1092 1610 1186 1666 vraag

212 1699 280 1774 zijn,
302 1693 335 1753 ef
347 1693 399 1754 het
421 1693 473 1753 dee
494 1691 644 1752 debiteurs
663 1691 768 1752 eohuld
786 1693 822 1771 is,
844 1694 896 1753 det
916 1693 957 1771 hij
980 1693 1029 1754 die
1046 1699 1113 1755 raet
1134 1695 1183 1755 be-

211 1800 338 1875 grenode
359 1797 540 1875 vemligting
560 1797 624 1856 niet
642 1796 826 1872 nagekornen
848 1797 874 1856 is
897 1798 929 1873 (l.
952 1799 991 1856 37
1013 1795 1089 1875 eit.):
1112 1797 1185 1859 dene

211 1921 305 1978 vraag
336 1902 430 1962 werdt
461 1901 534 1960 inl.
558 1902 616 1960 137
639 1900 687 1959 eit.
710 1900 900 1960 beantwoerd
920 1899 991 1959 door
1009 1919 1046 1978 op
1067 1901 1104 1962 de
1126 1919 1185 1960 em-

212 2005 429 2081 atandigheden
450 2009 479 2063 te
500 2007 614 2081 wijzen,
636 2002 684 2062 die
705 2003 774 2063 hem
794 2002 915 2063 konnen
925 2003 1104 2064 verhinderd
1114 2004 1186 2064 heb·

210 2111 278 2189 ben,
300 2126 337 2169 en
358 2113 435 2185 zijne
456 2106 741 2167 toerekenbaarheid
761 2107 878 2167 hebben
898 2108 1086 2182 nitgesloten.

252 2213 288 2273 L.
310 2213 329 2271 5
351 2212 371 2289 ἕ
396 2214 411 2270 1
434 2211 471 2269 D.
492 2211 571 2270 adl.
593 2209 630 2268 Α.
654 2209 731 2290 (9.2)

252 2316 395 2394 Injuriam
416 2317 515 2374 antem
532 2313 582 2373 hie
600 2313 735 2389 aeeipere
755 2331 808 2373 nos
830 2319 953 2393 oportet,
975 2315 1184 2391 nonquemad-

212 2419 330 2480 medum
348 2418 426 2478 oiroa
443 2417 617 2495 injuriarum
633 2418 787 2496 actionem,
810 2418 1017 2477 contumeliam
1028 2418 1186 2498 quandem,

213 2523 266 2584 eod
297 2521 375 2597 quod
403 2538 462 2579 non
478 2521 547 2598 jure
567 2520 751 2600 factumest,
772 2521 801 2580 h.
824 2539 850 2581 e.
870 2527 971 2582 eontra
987 2523 1048 2601 jus,
1069 2523 1089 2582 i.
1112 2541 1138 2582 e.
1161 2523 1186 2583 si

213 2628 300 2704 eulpa
321 2626 387 2702 quis
407 2624 547 2685 oooiderit
559 2669 566 2684 .
579 2669 586 2683 .
599 2668 627 2685 ..
668 2626 764 2700 Igitur
781 2626 920 2703 injuriam
938 2627 1116 2704 accipiemus
1137 2627 1186 2688 hie

213 2731 352 2791 damnum
370 2730 459 2806 eulpa
476 2727 587 2806 datum,
610 2728 700 2788 etiam
723 2727 761 2786 ab
776 2746 810 2787 ee
829 2729 880 2803 qni
901 2747 1005 2789 necere
1022 2731 1126 2790 noluit.

252 2833 344 2893 Beide
365 2831 607 2909 uitdrukkingen,
629 2831 716 2908 culpo
737 2849 774 2891 en
795 2831 914 2911 iejrtrio,
940 2832 1187 2893 werdenhierale

212 2955 272 2996 van
292 2934 402 3013 gelijke
430 2933 603 2994 beteokenis
634 2938 723 2994 naaot
742 2933 884 2994 olkander
905 2940 1001 3014 genet,
1023 2935 1129 2997 needet
1149 2935 1187 2997 de

213 3057 268 3102 een
285 3039 323 3100 de
341 3039 434 3098 ander
454 3037 617 3116 epheldert,
639 3038 745 3115 terwijl
762 3041 806 3097 tot
822 3037 956 3097 meerder
973 3037 1187 3117 dnidelitheid

212 3162 271 3219 nog
301 3142 396 3202 werdt
426 3140 610 3220 btjgeroegd,
643 3140 695 3200 dat
725 3139 810 3217 colpe
832 3141 863 3199 in
884 3140 978 3200 denen
999 3141 1048 3200 nin
1065 3141 1128 3202 niet
1149 3141 1187 3201 de

211 3265 319 3323 engere
350 3244 524 3306 beteekenis
551 3243 641 3321 heeft,
672 3244 785 3302 waarin
806 3242 859 3302 het
879 3248 968 3318 tegen
989 3243 1073 3304 dotes
1094 3243 1188 3304 werdt

211 3348 406 3428 overgesteld,
426 3366 510 3408 maor
530 3347 587 3407 ook
608 3348 701 3406 denen
722 3347 753 3405 in
774 3346 839 3406 zieh
861 3347 959 3407 beret.

252 3455 288 3514 L.
311 3458 328 3513 1
350 3470 394 3530 pr.
416 3453 452 3511 D.
474 3451 512 3511 de
533 3452 624 3528 Injur.
646 3449 763 3530 (47.10)

252 3557 367 3634 Injnria
387 3573 424 3614 ex
446 3572 480 3614 ee
502 3555 582 3614 dieta
604 3558 658 3633 est,
681 3553 759 3629 qnod
780 3553 988 3630 nonJurefiat:
1011 3554 1185 3616 omneenim

212 3660 291 3739 qued
313 3677 372 3719 non
387 3659 456 3736 jure
477 3656 519 3735 fit,
536 3655 649 3733 'injuria
669 3657 858 3717 fieridieitnr.
901 3655 1186 3734 specialiterautom

213 3766 322 3844 injuria
349 3763 458 3823 dieitur
484 3762 669 3822 contumelia.
712 3761 864 3822 Interdum
885 3761 1012 3838 injuriae
1030 3761 1185 3838 appellati-

213 3889 268 3931 one
286 3869 425 3929 damnnm
447 3868 534 3944 eulpa
554 3866 656 3927 datum
674 3865 865 3945 significatur,
886 3872 919 3927 ut
936 3867 968 3924 in
985 3867 1052 3941 lege
1063 3864 1186 3942 Aquilia

211 3974 309 4035 dicere
330 3974 467 4033 solemne.

254 4077 319 4138 Ook
347 4077 413 4137 hier
443 4074 537 4135 werdt
567 4073 619 4134 het
647 4091 768 4148 gewono
796 4075 935 4134 damnum
953 4074 1065 4151 injurie
1084 4074 1187 4137 datum

213 4181 411 4260 opgehelderd
436 4179 507 4238 door
527 4177 667 4237 damnum
688 4177 775 4255 enlpe
794 4177 909 4240 datum:
931 4179 1071 4242 tusoohen
1082 4179 1188 4243 beiden

214 4286 270 4347 dus
288 4304 363 4362 geon
383 4283 511 4345 vereehil
529 4282 677 4359 gemaekt.
