2858 5040
310 770 346 829 L.
366 771 384 828 8
408 768 427 846 ξ
452 771 491 827 10
512 767 549 826 D.
573 766 673 825 Mend.
694 763 790 844 (17.1)

307 872 342 932 Si
372 872 428 933 tibi
460 871 608 949 mandavi,
640 875 673 930 ut
700 869 849 928 hominem
875 885 996 948 emeres,
1017 874 1109 946 tuque
1139 871 1246 952 emisti,

266 977 415 1038 teneberis
443 976 517 1035 mihi
541 980 574 1037 ut
602 974 753 1034 restituas.
795 972 855 1032 Sed
884 978 915 1034 et
940 975 966 1033 si
991 974 1060 1033 dolo
1080 993 1178 1035 emere
1196 995 1246 1036 ne-

267 1081 388 1156 glexisti
417 1079 504 1160 (ferte
523 1081 601 1140 enim
618 1077 747 1155 pecunie
765 1080 888 1154 accepte
909 1077 962 1137 alii
981 1079 1098 1138 cessisti
1118 1083 1152 1139 ut
1170 1098 1247 1141 eme-

267 1183 325 1262 ret)
355 1189 406 1244 eut
431 1185 457 1244 si
481 1185 543 1245 late
570 1185 657 1260 eulpa
687 1182 775 1259 (forte
794 1183 822 1242 si
842 1183 940 1257 gretia
960 1183 1067 1244 duetus
1089 1201 1196 1262 pessus
1214 1203 1247 1246 es

266 1290 358 1349 alium
376 1287 486 1368 emere)
508 1288 666 1351 teneberis.

306 1393 342 1451 L.
364 1396 381 1452 7
401 1411 446 1469 pr.
465 1392 502 1451 D.
532 1391 642 1469 Depos.
661 1387 760 1469 (16.3)

306 1497 339 1556 Si
359 1495 508 1570 huminem
529 1495 608 1572 apud
626 1513 659 1555 se
677 1496 853 1574 depositum,
874 1499 907 1556 ut
929 1495 1064 1570 quaestio
1082 1495 1120 1556 de
1142 1496 1242 1557 euha-

263 1601 391 1678 beretur‚
412 1617 448 1658 ae
464 1602 621 1676 propterea
648 1599 780 1658 vinetum
802 1596 908 1658 velud
929 1599 1038 1656 malam
1057 1600 1242 1660 mansionem

265 1706 428 1779 extensum,
460 1703 613 1777 sequester
644 1701 767 1760 solverit
798 1700 1001 1760 misericordia
1031 1701 1147 1781 duetus,
1176 1703 1246 1763 dolo

264 1807 429 1885 proximum
458 1821 524 1866 esse
556 1803 633 1879 quod
658 1804 833 1865 factumest
854 1805 992 1865 arbitrer:
1014 1807 1085 1882 quia
1103 1826 1168 1886 eum
1186 1809 1242 1868 sei·

262 1915 308 1970 ret
336 1910 384 1970 eui
408 1909 453 1968 rei
476 1911 640 1986 pararetur,
668 1908 877 1984 intempestive
905 1909 1136 1968 misericordiam
1158 1928 1241 1971 exer·

264 2013 335 2092 uuit,
367 2031 432 2073 eum
457 2016 557 2089 posset
586 2029 645 2070 non
663 2013 812 2089 suscipere
831 2012 922 2072 talem
940 2031 1060 2072 eausam
1082 2031 1171 2090 quum
1192 2013 1243 2074 de·

160 2189 169 2199 ἱ
266 2118 373 2196 cipere.

263 2206 268 2223 ’
304 2222 387 2282 Deze
408 2221 494 2282 beide
515 2222 661 2300 plaatseu‚
683 2220 731 2280 die
753 2220 824 2280 door
845 2221 954 2280 Hnssn
979 2220 989 2256 ¹
1016 2222 1169 2297 eenigzins
1190 2241 1240 2298 ge-

264 2325 397 2387 minaeht
417 2324 544 2403 worden,
568 2323 701 2403 sehijnen
722 2329 771 2402 mij
790 2324 866 2400 juist
883 2342 955 2383 vour
972 2325 1009 2385 de
1032 2326 1244 2404 begripsbepu-

237 2425 245 2440 ‘
264 2431 328 2504 ling
356 2447 415 2488 van
432 2427 490 2487 den
508 2427 593 2487 dolus
612 2429 644 2486 in
666 2445 740 2488 onze
758 2428 821 2487 leer
838 2445 898 2486 van
914 2428 982 2487 veel
1002 2430 1121 2507 gewigt,
1143 2430 1245 2490 emdat

264 2535 451 2610 Humerus,
480 2549 541 2590 van
558 2532 636 2590 wien
651 2535 688 2608 uij
708 2536 776 2608 zijn,
798 2529 863 2589 hier
880 2546 953 2590 eene
972 2532 1094 2610 seherpe
1116 2533 1243 2594 aisehei-

263 2633 335 2708 ding
361 2633 501 2694 tussehen
526 2633 610 2694 dolus
639 2651 676 2692 θη
705 2633 791 2709 eulpa
815 2633 878 2692 lata
899 2633 1010 2713 mestit,
1032 2640 1241 2696 waaremtrent

263 2755 332 2798 men
363 2737 541 2816 gewooulijk
572 2736 687 2796 minden
717 2741 819 2811 streng
847 2737 887 2796 is:
917 2755 1000 2796 mear
1028 2738 1054 2797 is
1072 2738 1158 2798 dolus
1181 2739 1242 2798 den

261 2844 385 2918 volgens
415 2842 483 2904 hem
510 2840 711 2901 wissentliehe
740 2839 901 2901 Seheden?
934 2842 971 2900 In
996 2841 1082 2903 beide
1102 2845 1242 2918 gevalleu

262 2946 332 3006 wist
359 2946 396 3006 ‹ie
427 2944 580 3021 gedsegde
598 2962 667 3004 zeer
687 2944 753 3022 wel,
773 2947 843 3003 tuen
865 2943 904 3022 hij
928 2944 972 3004 uit
990 2946 1239 3005 welwillendheid

263 3049 323 3109 rien
340 3048 421 3108 slaaf
437 3048 602 3108 losmaakte
624 3046 657 3106 ef
671 3051 732 3107 met
751 3046 859 3106 biedeu
870 3046 997 3126 ophield‚
1019 3048 1071 3108 dat
1082 3049 1122 3126 hij
1143 3054 1241 3126 uijnen

264 3151 525 3212 medeeentrahent
543 3149 653 3210 sehsde
670 3148 814 3227 teebregt
836 3165 873 3208 en
894 3149 1031 3224 volbragt
1048 3138 1088 3229 hij
1113 3151 1149 3210 de
1160 3150 1238 3211 dead

139 3254 142 3259 ’
264 3247 428 3315 nietternin.
471 3251 536 3313 Ook
556 3249 759 3312 Μοηηθηη2
785 3250 953 3331 erkentdit‚
974 3252 1239 3314 maaruoektdeze

264 3359 402 3437 plaatsen
420 3373 473 3415 noo
484 3359 514 3416 te
532 3355 697 3434 verklaren‚
720 3355 771 3415 dat
782 3355 813 3414 in
824 3353 910 3414 beide
921 3357 1060 3429 gevelleu
1075 3357 1112 3416 de
1123 3373 1239 3416 veroun-

263 3460 384 3534 deeling
404 3475 524 3532 wegens
545 3457 763 3518 dolusinfamie
785 3462 835 3517 ten
846 3458 971 3531 gevolge
990 3475 1045 3518 nou
1054 3457 1181 3538 hebben,
1203 3478 1240 3520 en

264 3583 332 3625 men
362 3563 427 3623 hier
457 3564 512 3624 dus
545 3581 593 3622 om
613 3567 690 3641 zijne
712 3561 805 3636 goede
823 3561 981 3636 bedoeling
1001 3561 1116 3622 minden
1137 3567 1239 3638 streng

261 3685 324 3728 was
348 3685 396 3727 em
417 3666 502 3726 dolus
523 3684 581 3725 aun
602 3670 632 3726 te
650 3683 765 3726 nemen
808 3665 861 3724 Dit
882 3665 1033 3725 antwoord
1054 3666 1163 3744 sehijnt
1185 3671 1235 3745 mij

262 3789 330 3832 ueer
358 3770 453 3848 enak,
485 3786 523 3829 en
553 3769 590 3829 de
621 3770 797 3843 redenering
824 3787 883 3827 van
904 3768 962 3828 den
975 3769 1075 3848 jurist,
1097 3769 1146 3830 die
1164 3787 1235 3829 aeu-

263 3882 370 3955 neemt,
396 3876 448 3937 dat
465 3894 497 3935 er
518 3874 660 3952 eigenlijk
678 3875 763 3938 delus
785 3875 810 3934 is
833 3874 905 3954 (wat
922 3891 1049 3949 uergens
1067 3873 1112 3933 uit
1128 3871 1239 3952 blijkt)‚

205 3967 206 3970 ¹
262 4000 345 4041 mear
376 3980 475 4040 emdat
503 3979 573 4039 zulk
602 3997 674 4039 eene
703 3978 858 4056 uitsprask
877 3981 906 4037 al
927 3985 957 4039 te
979 3979 1071 4038 harde
1093 3959 1240 4053 geroigen

263 4103 319 4144 nou
339 4084 465 4162 hebben,
487 4083 530 4144 dit
548 4083 665 4143 eordeel
683 4084 802 4161 wijzigt,
824 4085 850 4143 is
862 4101 900 4160 op
912 4089 971 4163 zijn
988 4085 1079 4143 minst
1096 4083 1158 4142 niet
1170 4099 1239 4142 zeer

263 4241 432 4254 ’.ιιι-...ἠ

299 4333 308 4357 ²
330 4324 408 4388 Culpa,
424 4324 442 4389 3
460 4324 502 4373 17.

295 4418 306 4445 ¹
326 4431 349 4464 a.
367 4427 398 4464 w.
413 4414 437 4463 S.
448 4412 507 4470 348,
523 4413 592 4462 inm.
615 4411 638 4460 1.
